"w-100 href","w_q67L","w_SrYk","absolute src","mr2","mr1","w_q67L 2","gray","mb1","normal","sans-serif","w_q67L 3","f7 2","flex src","f7 3","b","f7 4","b 2"
"https://www.walmart.ca/en/ip/Catelli-Gluten-Free-Fusilli-Pasta/10276387?from=/search","Catelli Gluten Free Fusilli Pasta, 340 g","Best seller","https://i5.walmartimages.com/asr/26508373-78f4-4224-89a6-f1b1e984def4.2aec6685d8487a49c07432ade326d85d.jpeg?odnHeight=580&odnWidth=580&odnBg=FFFFFF","Add","$2.97","current price $2.97","87¢/100g","CATELLI","Catelli Gluten Free Fusilli Pasta, 340 g","59","4.7288 out of 5 stars. 59 reviews","Free Delivery with","https://i5.walmartimages.com/dfw/3ccc2d91-49dd/k2-_2dc6530f-2ead-40b6-8ec8-fedc1c0c8978.v1.png","Pickup","today","Delivery","today"
"https://www.walmart.ca/en/ip/Catelli-Gluten-Free-Macaroni-Pasta-340g/6000188766403?from=/search","Catelli Gluten Free Macaroni Pasta, 340g, 340 g","","https://i5.walmartimages.com/asr/1b8af825-e481-4fdc-87b8-9881c9ce3f61.516d76ca7d56470594925a3caae01449.jpeg?odnHeight=580&odnWidth=580&odnBg=FFFFFF","Add","$2.97","current price $2.97","87¢/100g","CATELLI","Catelli Gluten Free Macaroni Pasta, 340g, 340 g","50","4.72 out of 5 stars. 50 reviews","Free Delivery with","https://i5.walmartimages.com/dfw/3ccc2d91-49dd/k2-_2dc6530f-2ead-40b6-8ec8-fedc1c0c8978.v1.png","Pickup","today","Delivery","today"
"https://www.walmart.ca/en/ip/MadeGood-Baked-Oat-Cups-Apple-Crumble-5-Pack/51BWJX5IOGBK?from=/search","MadeGood Baked Oat Cups – Apple Crumble 5 Pack, MG Apple Crumble Oat Cups","","https://i5.walmartimages.com/asr/c10efa4e-ac91-4fa2-aa96-5e66c7a4be5e.8510f81f107272173e13ed179c95ff84.jpeg?odnHeight=580&odnWidth=580&odnBg=FFFFFF","Add","$5.47","current price $5.47","","MadeGood","MadeGood Baked Oat Cups – Apple Crumble 5 Pack, MG Apple Crumble Oat Cups","10","2.4 out of 5 stars. 10 reviews","Free Delivery with","https://i5.walmartimages.com/dfw/3ccc2d91-49dd/k2-_2dc6530f-2ead-40b6-8ec8-fedc1c0c8978.v1.png","Pickup","today","Delivery","today"
"https://www.walmart.ca/en/ip/Catelli-Gluten-Free-Lasagne-Pasta-250g/6000195404451?from=/search","Catelli Gluten Free Lasagne Pasta, 250g, 250 g","Best seller","https://i5.walmartimages.com/asr/ea00669a-f338-44ea-9290-4c61c0432940.fb738d5e9fe36635373b34bd435c6d2f.jpeg?odnHeight=580&odnWidth=580&odnBg=FFFFFF","Add","$3.97","current price $3.97","$1.59/100g","CATELLI","Catelli Gluten Free Lasagne Pasta, 250g, 250 g","45","4.4444 out of 5 stars. 45 reviews","Free Delivery with","https://i5.walmartimages.com/dfw/3ccc2d91-49dd/k2-_2dc6530f-2ead-40b6-8ec8-fedc1c0c8978.v1.png","Pickup","today","Delivery","today"
"https://www.walmart.ca/en/ip/Cinnamon-Chex-Breakfast-Cereal-Gluten-Free/6000194082701?classType=REGULAR&athbdg=L3033&from=/search","Cinnamon Chex Breakfast Cereal, Gluten Free, 345 g","2 for $8","https://i5.walmartimages.com/asr/3c67969e-2ce7-474a-9143-ebeff17991d6.335a4d20fcfe5a5dead4745059cf7638.jpeg?odnHeight=580&odnWidth=580&odnBg=FFFFFF","Add","$4.47","current price $4.47","$1.30/100g","Chex","Cinnamon Chex Breakfast Cereal, Gluten Free, 345 g","115","4.7826 out of 5 stars. 115 reviews","Free Delivery with","https://i5.walmartimages.com/dfw/3ccc2d91-49dd/k2-_2dc6530f-2ead-40b6-8ec8-fedc1c0c8978.v1.png","Pickup","today","Delivery","today"
"https://www.walmart.ca/en/ip/O-Doughs-Thins-Sesame-Bagel-Gluten-Free/6000204281410?classType=REGULAR&athbdg=L1100&from=/search","O'Doughs Thins Sesame Bagel Gluten Free, O'Doughs Bagels Sesame GF","","https://i5.walmartimages.com/asr/b9c47c11-dbc2-417d-a0ad-7bc2c73be331.8a90cd240fb68cb6853080f5b960e4bb.jpeg?odnHeight=580&odnWidth=580&odnBg=FFFFFF","Add","$5.47","current price $5.47","","O'Doughs","O'Doughs Thins Sesame Bagel Gluten Free, O'Doughs Bagels Sesame GF","42","4.3571 out of 5 stars. 42 reviews","Free Delivery with","https://i5.walmartimages.com/dfw/3ccc2d91-49dd/k2-_2dc6530f-2ead-40b6-8ec8-fedc1c0c8978.v1.png","Pickup","today","Delivery","today"
"https://www.walmart.ca/en/ip/bfree-gluten-free-high-protein-tortillas/6000208000138?classType=REGULAR&from=/search","BFree Gluten Free High Protein Tortillas, 4 tortillas, 168 g total","","https://i5.walmartimages.ca/images/Enlarge/147/559/6000208147559.jpg?odnHeight=580&odnWidth=580&odnBg=FFFFFF","Add","$5.97","current price $5.97","","BFree","BFree Gluten Free High Protein Tortillas, 4 tortillas, 168 g total","56","2.7857 out of 5 stars. 56 reviews","Free Delivery with","https://i5.walmartimages.com/dfw/3ccc2d91-49dd/k2-_2dc6530f-2ead-40b6-8ec8-fedc1c0c8978.v1.png","Pickup","today","Delivery","today"
"https://www.walmart.ca/en/ip/Kraft-Dinner-Mac-Cheese-Gluten-Free-170g-nbsp/3G64V4R8FWWZ?from=/search","Kraft Dinner - Mac & Cheese - Gluten Free - 170g&nbsp;, 170G","","https://i5.walmartimages.com/asr/60ff03aa-c371-4b53-9882-35dde1928beb.21c7a6255ff9f9b6fe06b9bf3baa10c5.jpeg?odnHeight=580&odnWidth=580&odnBg=FFFFFF","Add","$2.67","current price $2.67","2¢/100g","Kraft Dinner","Kraft Dinner - Mac & Cheese - Gluten Free - 170g , 170G","40","3.875 out of 5 stars. 40 reviews","Free Delivery with","https://i5.walmartimages.com/dfw/3ccc2d91-49dd/k2-_2dc6530f-2ead-40b6-8ec8-fedc1c0c8978.v1.png","Pickup","today","Delivery","today"
"https://www.walmart.ca/en/ip/Kraft-Dinner-Mac-Cheese-Gluten-Free-170g-nbsp/3G64V4R8FWWZ?classType=REGULAR&from=/search","Kraft Dinner - Mac & Cheese - Gluten Free - 170g&nbsp;, 170G","","https://i5.walmartimages.com/asr/60ff03aa-c371-4b53-9882-35dde1928beb.21c7a6255ff9f9b6fe06b9bf3baa10c5.jpeg?odnHeight=580&odnWidth=580&odnBg=FFFFFF","Add","$2.67","current price $2.67","2¢/100g","Kraft Dinner","Kraft Dinner - Mac & Cheese - Gluten Free - 170g , 170G","40","3.875 out of 5 stars. 40 reviews","Free Delivery with","https://i5.walmartimages.com/dfw/3ccc2d91-49dd/k2-_2dc6530f-2ead-40b6-8ec8-fedc1c0c8978.v1.png","Pickup","today","Delivery","today"
"https://www.walmart.ca/en/ip/Catelli-Gluten-Free-Fusilli-Pasta/10276387?classType=REGULAR&athbdg=L1600&from=/search","Catelli Gluten Free Fusilli Pasta, 340 g","Best seller","https://i5.walmartimages.com/asr/26508373-78f4-4224-89a6-f1b1e984def4.2aec6685d8487a49c07432ade326d85d.jpeg?odnHeight=580&odnWidth=580&odnBg=FFFFFF","Add","$2.97","current price $2.97","87¢/100g","CATELLI","Catelli Gluten Free Fusilli Pasta, 340 g","59","4.7288 out of 5 stars. 59 reviews","Free Delivery with","https://i5.walmartimages.com/dfw/3ccc2d91-49dd/k2-_2dc6530f-2ead-40b6-8ec8-fedc1c0c8978.v1.png","Pickup","today","Delivery","today"
"https://www.walmart.ca/en/ip/Great-Value-Gluten-Free-Macaroni-340-g/6000197860834?classType=REGULAR&from=/search","Great Value Gluten Free Macaroni 340 g, 340 g","","https://i5.walmartimages.com/asr/0472d0c9-93e5-475e-9c17-8981e38c4fe9.ddddfe1a06b0ee48c171f95a49823de7.jpeg?odnHeight=580&odnWidth=580&odnBg=FFFFFF","Add","$1.97","current price $1.97","58¢/100g","GREAT VALUE PL","Great Value Gluten Free Macaroni 340 g, 340 g","75","4.4933 out of 5 stars. 75 reviews","Free Delivery with","https://i5.walmartimages.com/dfw/3ccc2d91-49dd/k2-_2dc6530f-2ead-40b6-8ec8-fedc1c0c8978.v1.png","Pickup","today","Delivery","today"
"https://www.walmart.ca/en/ip/Annie-s-Homegrown-Macaroni-Cheese-Rice-Pasta-Cheddar-Gluten-Free-170-g-3-Servings/10262311?from=/search","Annie's Homegrown Macaroni & Cheese, Rice Pasta & Cheddar, Gluten Free, 170 g, 3 Servings, 170 g","Rollback","https://i5.walmartimages.com/asr/1d719ad8-fa1b-4ced-ba3c-edef214f40a9.e7bd350ba6fc735bc5ed9e7e4c7f4a21.jpeg?odnHeight=580&odnWidth=580&odnBg=FFFFFF","Add","Now $1.97","current price Now $1.97","$1.16/100g","Annie’s","Annie's Homegrown Macaroni & Cheese, Rice Pasta & Cheddar, Gluten Free, 170 g, 3 Servings, 170 g","61","4.3607 out of 5 stars. 61 reviews","Free Delivery with","https://i5.walmartimages.com/dfw/3ccc2d91-49dd/k2-_2dc6530f-2ead-40b6-8ec8-fedc1c0c8978.v1.png","Pickup","today","Delivery","today"
"https://www.walmart.ca/en/ip/Forno-De-Minas-Gluten-Free-Traditional-Classic-Cheese-Rolls-400-g/6000205254287?classType=REGULAR&athbdg=L1300&from=/search","Forno De Minas Gluten Free Traditional Classic Cheese Rolls, 400 g, Cheese Roll","Rollback","https://i5.walmartimages.com/asr/6034275f-5671-4e76-8f35-48ae62620b6f.37c62ed8ed37bd15417ca5e559311195.png?odnHeight=580&odnWidth=580&odnBg=FFFFFF","Add","Now $6.97","current price Now $6.97","$1.74/100g","Forno de Minas'","Forno De Minas Gluten Free Traditional Classic Cheese Rolls, 400 g, Cheese Roll","32","4.8125 out of 5 stars. 32 reviews","Free Delivery with","https://i5.walmartimages.com/dfw/3ccc2d91-49dd/k2-_2dc6530f-2ead-40b6-8ec8-fedc1c0c8978.v1.png","Pickup","today","Delivery","today"
"https://www.walmart.ca/en/ip/O-Doughs-Thins-Everything-Bagels-Gluten-Free/6000198843271?classType=REGULAR&from=/search","O'Doughs Thins Everything Bagels Gluten Free, OD Thins Everything Bagels GF","","https://i5.walmartimages.com/asr/9fd61883-cdb5-4cff-9142-593e308646b1.900cba8f699e5886a17a75703b0b12a7.jpeg?odnHeight=580&odnWidth=580&odnBg=FFFFFF","Add","$5.47","current price $5.47","","O'Doughs","O'Doughs Thins Everything Bagels Gluten Free, OD Thins Everything Bagels GF","78","4.3974 out of 5 stars. 78 reviews","Free Delivery with","https://i5.walmartimages.com/dfw/3ccc2d91-49dd/k2-_2dc6530f-2ead-40b6-8ec8-fedc1c0c8978.v1.png","Pickup","today","Delivery","today"
"https://www.walmart.ca/en/ip/Great-Value-Gluten-Free-Chocolate-Vanilla-Cr-me-Sandwich-Cookies/6000194483558?classType=REGULAR&athbdg=L3048&from=/search","Great Value Gluten Free Chocolate Vanilla Crème Sandwich Cookies, 230 g","Made In Canada","https://i5.walmartimages.com/asr/c6e2a81a-ff00-4cba-ba5b-c1ed39a4f74b.d678e25329d1752698785a32e618973f.jpeg?odnHeight=580&odnWidth=580&odnBg=FFFFFF","Add","$3.48","current price $3.48","$1.51/100g","Great Value","Great Value Gluten Free Chocolate Vanilla Crème Sandwich Cookies, 230 g","56","4.4821 out of 5 stars. 56 reviews","Free Delivery with","https://i5.walmartimages.com/dfw/3ccc2d91-49dd/k2-_2dc6530f-2ead-40b6-8ec8-fedc1c0c8978.v1.png","Pickup","today","Delivery","today"
"https://www.walmart.ca/en/ip/Catelli-Gluten-Free-Spaghetti-Pasta-340g/10276547?from=/search","Catelli Gluten Free Spaghetti Pasta, 340g, 340 g","","https://i5.walmartimages.com/asr/6f6605fd-c3ef-4ebe-960a-02dc7a3a9093.2e043971c2b139cee4690e9f59b77479.jpeg?odnHeight=580&odnWidth=580&odnBg=FFFFFF","Add","$2.97","current price $2.97","87¢/100g","CATELLI","Catelli Gluten Free Spaghetti Pasta, 340g, 340 g","67","4.6119 out of 5 stars. 67 reviews","Free Delivery with","https://i5.walmartimages.com/dfw/3ccc2d91-49dd/k2-_2dc6530f-2ead-40b6-8ec8-fedc1c0c8978.v1.png","Pickup","today","Delivery","today"
"https://www.walmart.ca/en/ip/Healthy-Choice-Power-Bowl-Chicken-Marinara-Gluten-Free/6000200232980?classType=REGULAR&from=/search","Healthy Choice® Power Bowl Chicken Marinara, Gluten Free, 262 g","","https://i5.walmartimages.com/asr/e5674294-6fb7-4c61-a9d8-284a6c614230.b2739876b62c79c63f81c99651bf9b21.jpeg?odnHeight=580&odnWidth=580&odnBg=FFFFFF","Add","$7.03","current price $7.03","$2.68/100g","Healthy Choice Gourmet Steamers","Healthy Choice® Power Bowl Chicken Marinara, Gluten Free, 262 g","734","4.3665 out of 5 stars. 734 reviews","Free Delivery with","https://i5.walmartimages.com/dfw/3ccc2d91-49dd/k2-_2dc6530f-2ead-40b6-8ec8-fedc1c0c8978.v1.png","Pickup","today","Delivery","today"
"https://www.walmart.ca/en/ip/Good-Thins-Sea-Salt-Gluten-Free-Corn-Crackers/6000198478710?classType=REGULAR&athbdg=L3033&from=/search","Good Thins, Sea Salt, Gluten Free Corn Crackers, 100 g","2 for $7","https://i5.walmartimages.com/asr/671eace5-5b52-4ebd-bfa4-9710219e356f.ba38642ed78941616830943e4a12098b.jpeg?odnHeight=580&odnWidth=580&odnBg=FFFFFF","Add","$3.98","current price $3.98","$3.98/100g","GOOD THINS","Good Thins, Sea Salt, Gluten Free Corn Crackers, 100 g","21","4.5714 out of 5 stars. 21 reviews","Free Delivery with","https://i5.walmartimages.com/dfw/3ccc2d91-49dd/k2-_2dc6530f-2ead-40b6-8ec8-fedc1c0c8978.v1.png","Pickup","today","Delivery","today"
"https://www.walmart.ca/en/ip/PopCorners-Gluten-Free-Sweet-Salty-Kettle-Popped-Corn-Chips/6000203013525?classType=REGULAR&athbdg=L3033&from=/search","PopCorners Gluten-Free Sweet & Salty Kettle Popped-Corn Chips, 142 GM","3 for $11","https://i5.walmartimages.com/asr/21c89aef-2260-4ed0-b91a-59742a5ec904.4461566974f3591af3f88e61234baed6.jpeg?odnHeight=580&odnWidth=580&odnBg=FFFFFF","Add","$4.28","current price $4.28","$3.01/100g","PopCorners","PopCorners Gluten-Free Sweet & Salty Kettle Popped-Corn Chips, 142 GM","398","4.4422 out of 5 stars. 398 reviews","Free Delivery with","https://i5.walmartimages.com/dfw/3ccc2d91-49dd/k2-_2dc6530f-2ead-40b6-8ec8-fedc1c0c8978.v1.png","Pickup","today","Delivery","today"
"https://www.walmart.ca/en/ip/Fruit-By-The-Foot-by-Betty-Crocker-Gluten-Free-Variety-Pack/3TQUAATXJOTW?from=/search","Fruit By The Foot by Betty Crocker Gluten Free Variety Pack, 637 g","Rollback","https://i5.walmartimages.com/asr/0be89cc9-13ac-47a5-9a57-a90158c87c10.21bbfc08b4fa73cf1cad4ddccef0c13c.jpeg?odnHeight=580&odnWidth=580&odnBg=FFFFFF","Add","Now $9.47","current price Now $9.47","$1.49/100g","Fruit By The Foot by Betty Crocker","Fruit By The Foot by Betty Crocker Gluten Free Variety Pack, 637 g","85","4.5765 out of 5 stars. 85 reviews","Free Delivery with","https://i5.walmartimages.com/dfw/3ccc2d91-49dd/k2-_2dc6530f-2ead-40b6-8ec8-fedc1c0c8978.v1.png","Pickup","today","Delivery","today"
"https://www.walmart.ca/en/ip/Biori-100-Organic-Gluten-Free-Red-Lentil-Fusilli-250g/3I08WYTCTJ54?classType=REGULAR&from=/search","Biori 100% Organic Gluten Free Red Lentil Fusilli 250g, Biori 100% Organic Gluten Free Red Lentil Pasta","","https://i5.walmartimages.com/asr/b241d1c0-89f7-40ee-bf06-02947f8a0ac9.cbf97090c4b6980d8ff1c0b76debc15d.jpeg?odnHeight=580&odnWidth=580&odnBg=FFFFFF","Add","$3.97","current price $3.97","$1.59/100g","Biori","Biori 100% Organic Gluten Free Red Lentil Fusilli 250g, Biori 100% Organic Gluten Free Red Lentil Pasta","2","5 out of 5 stars. 2 reviews","Free Delivery with","https://i5.walmartimages.com/dfw/3ccc2d91-49dd/k2-_2dc6530f-2ead-40b6-8ec8-fedc1c0c8978.v1.png","Pickup","today","Delivery","today"
"https://www.walmart.ca/en/ip/bfree-gluten-free-sweet-potato-tortillas/6000208000553?classType=REGULAR&from=/search","BFree Gluten Free Sweet Potato Tortillas, 6 tortillas, 252 g total","","https://i5.walmartimages.ca/images/Enlarge/147/556/6000208147556.jpg?odnHeight=580&odnWidth=580&odnBg=FFFFFF","Add","$5.97","current price $5.97","","BFree","BFree Gluten Free Sweet Potato Tortillas, 6 tortillas, 252 g total","14","3.5714 out of 5 stars. 14 reviews","Free Delivery with","https://i5.walmartimages.com/dfw/3ccc2d91-49dd/k2-_2dc6530f-2ead-40b6-8ec8-fedc1c0c8978.v1.png","Pickup","today","Delivery","today"
"https://www.walmart.ca/en/ip/HEALTHY-CRUNCH-BERRY-GRANOLA-BARS-120G-VEGAN-NON-GMO-SCHOOL-APPROVED-LOW-IN-SUGAR-ALLERGEN-FREE-PEANUT-FREE-TREE-NUT-FREE-GLUTEN-FREE/30JZFOH2ZBHJ?classType=VARIANT&from=/search","HEALTHY CRUNCH BERRY GRANOLA BARS 120G - VEGAN, NON GMO, SCHOOL APPROVED, LOW IN SUGAR, ALLERGEN FREE, PEANUT-FREE, TREE NUT-FREE, GLUTEN-FREE, NON GMO & LOW IN SUGARPEANUT & TREE NUT FREEVEGAN & GLUTEN FREE","","https://i5.walmartimages.com/asr/0d5d1bbe-e065-40f3-9cc8-8261ed2a8bf0.4aa689e60be8d34ddf955d3c2d8bac36.jpeg?odnHeight=580&odnWidth=580&odnBg=FFFFFF","","$3.97","current price $3.97","","Healthy Crunch","HEALTHY CRUNCH BERRY GRANOLA BARS 120G - VEGAN, NON GMO, SCHOOL APPROVED, LOW IN SUGAR, ALLERGEN FREE, PEANUT-FREE, TREE NUT-FREE, GLUTEN-FREE, NON GMO & LOW IN SUGARPEANUT & TREE NUT FREEVEGAN & GLUTEN FREE","3","2.6667 out of 5 stars. 3 reviews","Free Delivery with","https://i5.walmartimages.com/dfw/3ccc2d91-49dd/k2-_2dc6530f-2ead-40b6-8ec8-fedc1c0c8978.v1.png","Pickup","today","Delivery","today"
"https://www.walmart.ca/en/ip/Great-Value-Gluten-Free-Mini-Chocolate-Chip-Cookies/6000190010133?classType=REGULAR&athbdg=L3048&from=/search","Great Value Gluten Free Mini Chocolate Chip Cookies, 180 g","Made In Canada","https://i5.walmartimages.com/asr/891ec6b2-038a-4fb5-ab77-49088f68526b.e8ee94d9b901c98c070698e84cae3b0c.jpeg?odnHeight=580&odnWidth=580&odnBg=FFFFFF","Add","$2.97","current price $2.97","$1.65/100g","Great Value","Great Value Gluten Free Mini Chocolate Chip Cookies, 180 g","31","4.2903 out of 5 stars. 31 reviews","Free Delivery with","https://i5.walmartimages.com/dfw/3ccc2d91-49dd/k2-_2dc6530f-2ead-40b6-8ec8-fedc1c0c8978.v1.png","Pickup","today","Delivery","today"
"https://www.walmart.ca/en/ip/promise-gluten-free-pitas/6000207576611?classType=REGULAR&from=/search","Promise Gluten Free Pitas, 4 pitas, 248 g total","","https://i5.walmartimages.ca/images/Enlarge/991/879/6000207991879.jpg?odnHeight=580&odnWidth=580&odnBg=FFFFFF","Add","$7.97","current price $7.97","$3.21/100g","Promise","Promise Gluten Free Pitas, 4 pitas, 248 g total","22","4.8182 out of 5 stars. 22 reviews","Free Delivery with","https://i5.walmartimages.com/dfw/3ccc2d91-49dd/k2-_2dc6530f-2ead-40b6-8ec8-fedc1c0c8978.v1.png","Pickup","today","Delivery","today"
"https://www.walmart.ca/en/ip/Allergy-Smart-Gluten-Free-Birthday-Cake-Cookies/44PGIDCR50BP?classType=REGULAR&from=/search","Allergy Smart Gluten Free Birthday Cake Cookies, 140g Bag","","https://i5.walmartimages.com/asr/3fad92c3-dfac-403f-a777-285af4c6d1c0.df1fe9aeb339fdae6a916288240377b0.jpeg?odnHeight=580&odnWidth=580&odnBg=FFFFFF","Add","$4.67","current price $4.67","","AllergySmart","Allergy Smart Gluten Free Birthday Cake Cookies, 140g Bag","","","Free Delivery with","https://i5.walmartimages.com/dfw/3ccc2d91-49dd/k2-_2dc6530f-2ead-40b6-8ec8-fedc1c0c8978.v1.png","Pickup","today","Delivery","today"
"https://www.walmart.ca/en/ip/Breton-Gluten-Free-Garden-Vegetable-Crackers-Dare/2NIFBPOZ6BBA?classType=REGULAR&from=/search","Breton Gluten Free Garden Vegetable Crackers, Dare, 135 g","","https://i5.walmartimages.com/asr/e9401ebc-60a4-483f-ab79-c2830470409b.2866cc6e038072fc223eab7859c166f5.jpeg?odnHeight=580&odnWidth=580&odnBg=FFFFFF","Add","$3.48","current price $3.48","$2.58/100g","Breton","Breton Gluten Free Garden Vegetable Crackers, Dare, 135 g","68","4.5 out of 5 stars. 68 reviews","Free Delivery with","https://i5.walmartimages.com/dfw/3ccc2d91-49dd/k2-_2dc6530f-2ead-40b6-8ec8-fedc1c0c8978.v1.png","Pickup","today","Delivery","today"
"https://www.walmart.ca/en/ip/Betty-Crocker-Bisquick-Gluten-Free-Variety-Baking-Mix-for-Pancakes-Waffles-Biscuits-and-more/10313259?classType=REGULAR&from=/search","Betty Crocker Bisquick Gluten Free Variety Baking Mix, for Pancakes, Waffles, Biscuits and more, 454 g","","https://i5.walmartimages.com/asr/42cd9173-6523-4ff1-bd32-bffc2dfd34e2.f12409edccc73427ab8fbea1e4f5e7c5.jpeg?odnHeight=580&odnWidth=580&odnBg=FFFFFF","Add","$6.97","current price $6.97","$1.54/100g","Betty Crocker","Betty Crocker Bisquick Gluten Free Variety Baking Mix, for Pancakes, Waffles, Biscuits and more, 454 g","268","4.3582 out of 5 stars. 268 reviews","Free Delivery with","https://i5.walmartimages.com/dfw/3ccc2d91-49dd/k2-_2dc6530f-2ead-40b6-8ec8-fedc1c0c8978.v1.png","Pickup","today","Delivery","today"
"https://www.walmart.ca/en/ip/Daiya-Dairy-Free-Gluten-Free-Fire-Roasted-Vegetable-Pizza-Vegan-Frozen/6000205228896?classType=REGULAR&athbdg=L1300&from=/search","Daiya Dairy Free Gluten Free Fire-Roasted Vegetable Pizza, Vegan (Frozen), 492g","Rollback","https://i5.walmartimages.com/asr/ee0a04a3-a8a0-4a4b-b080-7f05d2121918.f09265494d7d6e47e3a8c544921b17c6.jpeg?odnHeight=580&odnWidth=580&odnBg=FFFFFF","Add","Now $8.47","current price Now $8.47","$1.72/100g","Daiya","Daiya Dairy Free Gluten Free Fire-Roasted Vegetable Pizza, Vegan (Frozen), 492g","17","3.8235 out of 5 stars. 17 reviews","Free Delivery with","https://i5.walmartimages.com/dfw/3ccc2d91-49dd/k2-_2dc6530f-2ead-40b6-8ec8-fedc1c0c8978.v1.png","Pickup","today","Delivery","today"
"https://www.walmart.ca/en/ip/Catelli-Gluten-Free-Penne-Rigate-Pasta-340g/10276528?classType=REGULAR&from=/search","Catelli Gluten Free Penne Rigate Pasta, 340g, 340 g","","https://i5.walmartimages.com/asr/eca97609-7a34-4f48-802b-c2f1050ff0ad.03acdd549a4a869f41813898186051b7.jpeg?odnHeight=580&odnWidth=580&odnBg=FFFFFF","Add","$2.97","current price $2.97","87¢/100g","CATELLI","Catelli Gluten Free Penne Rigate Pasta, 340g, 340 g","58","4.6552 out of 5 stars. 58 reviews","Free Delivery with","https://i5.walmartimages.com/dfw/3ccc2d91-49dd/k2-_2dc6530f-2ead-40b6-8ec8-fedc1c0c8978.v1.png","Pickup","today","Delivery","today"
"https://www.walmart.ca/en/ip/Great-Value-Gluten-Free-Spaghetti/6000197861192?classType=REGULAR&from=/search","Great Value Gluten Free Spaghetti, 340 g","","https://i5.walmartimages.com/asr/295072cb-2fa8-4402-ad87-369a7b441cdb.1dd12466bab15835aa5ce79d222ff3a5.jpeg?odnHeight=580&odnWidth=580&odnBg=FFFFFF","Add","$1.97","current price $1.97","58¢/100g","GREAT VALUE PL","Great Value Gluten Free Spaghetti, 340 g","90","4.6 out of 5 stars. 90 reviews","Free Delivery with","https://i5.walmartimages.com/dfw/3ccc2d91-49dd/k2-_2dc6530f-2ead-40b6-8ec8-fedc1c0c8978.v1.png","Pickup","today","Delivery","today"
"https://www.walmart.ca/en/ip/So-Delicious-Salted-Caramel-Flavoured-Gluten-free-Dairy-Free-Cashew-Ice-Bars/6000200952992?classType=REGULAR&from=/search","So Delicious Salted Caramel Flavoured, Gluten-free Dairy-Free, Cashew Ice Bars, 4x68 mL Dairy-Free Gluten Free Salted Caramel Flavoured, Cashew Ice Bars","","https://i5.walmartimages.com/asr/3fd4b4ce-e7c2-4fd3-b447-14a437ec0ae1.f42c15f45cb3dc8cf50a19c3e667f6f3.jpeg?odnHeight=580&odnWidth=580&odnBg=FFFFFF","Add","$7.27","current price $7.27","","So Delicious","So Delicious Salted Caramel Flavoured, Gluten-free Dairy-Free, Cashew Ice Bars, 4x68 mL Dairy-Free Gluten Free Salted Caramel Flavoured, Cashew Ice Bars","19","4.7368 out of 5 stars. 19 reviews","Free Delivery with","https://i5.walmartimages.com/dfw/3ccc2d91-49dd/k2-_2dc6530f-2ead-40b6-8ec8-fedc1c0c8978.v1.png","Pickup","today","Delivery","today"
"https://www.walmart.ca/en/ip/Good-Thins-Simply-Salt-Gluten-Free-Rice-Crackers/6000197073617?classType=REGULAR&athbdg=L3033&from=/search","Good Thins, Simply Salt, Gluten Free, Rice Crackers, 100 g","2 for $7","https://i5.walmartimages.com/asr/db1591ef-a4d1-409b-8571-ef6986136994.cc9ef797430b804e8f493a93862fef4a.jpeg?odnHeight=580&odnWidth=580&odnBg=FFFFFF","Add","$3.98","current price $3.98","$3.98/100g","Christie","Good Thins, Simply Salt, Gluten Free, Rice Crackers, 100 g","52","4.5 out of 5 stars. 52 reviews","Free Delivery with","https://i5.walmartimages.com/dfw/3ccc2d91-49dd/k2-_2dc6530f-2ead-40b6-8ec8-fedc1c0c8978.v1.png","Pickup","today","Delivery","today"
"https://www.walmart.ca/en/ip/Great-Value-Gluten-Free-Maple-Cream-Sandwich-Cookies/6000194483567?classType=REGULAR&athbdg=L3048&from=/search","Great Value Gluten Free Maple Cream Sandwich Cookies, 325 g","Made In Canada","https://i5.walmartimages.com/asr/47e116ca-1a4b-4209-bd5d-0a3c07677fe2.395221fe253a669f07e7442c9f84807c.jpeg?odnHeight=580&odnWidth=580&odnBg=FFFFFF","Add","$4.28","current price $4.28","$1.32/100g","Great Value","Great Value Gluten Free Maple Cream Sandwich Cookies, 325 g","78","4.4359 out of 5 stars. 78 reviews","Free Delivery with","https://i5.walmartimages.com/dfw/3ccc2d91-49dd/k2-_2dc6530f-2ead-40b6-8ec8-fedc1c0c8978.v1.png","Pickup","today","Delivery","today"
"https://www.walmart.ca/en/ip/Little-Northern-Bakehouse-Wide-Sliced-White-Gluten-Free-Bread-Vegan-Bread-Non-GMO-and-Allergy-Friendly/5AQPNRCPQW40?classType=REGULAR&athbdg=L1600&from=/search","Little Northern Bakehouse Wide Sliced White Gluten Free Bread, Vegan Bread, Non-GMO and Allergy-Friendly, 100% Plant Based + Egg Free","Best seller","https://i5.walmartimages.com/asr/a65dd3cb-6561-49d8-b96a-3d4b7a3f0fe9.a5ad4d25fa4534a8cc342636662d7e5b.jpeg?odnHeight=580&odnWidth=580&odnBg=FFFFFF","Add","$8.17","current price $8.17","$1.44/100g","Little Northern Bakehouse","Little Northern Bakehouse Wide Sliced White Gluten Free Bread, Vegan Bread, Non-GMO and Allergy-Friendly, 100% Plant Based + Egg Free","87","4.3103 out of 5 stars. 87 reviews","Free Delivery with","https://i5.walmartimages.com/dfw/3ccc2d91-49dd/k2-_2dc6530f-2ead-40b6-8ec8-fedc1c0c8978.v1.png","Pickup","today","Delivery","today"
"https://www.walmart.ca/en/ip/Great-Value-Gluten-Free-Vanilla-Cr-me-Sandwich-Cookies/6000194483555?classType=REGULAR&athbdg=L3048&from=/search","Great Value Gluten Free Vanilla Crème Sandwich Cookies, 230 g","Made In Canada","https://i5.walmartimages.com/asr/5d91adf3-955a-4bc7-8d88-d6f8f8b9dfdb.e91a6c578cb1c4212c40f722ce11c8d4.jpeg?odnHeight=580&odnWidth=580&odnBg=FFFFFF","Add","$3.48","current price $3.48","$1.51/100g","Great Value","Great Value Gluten Free Vanilla Crème Sandwich Cookies, 230 g","48","4.5 out of 5 stars. 48 reviews","Free Delivery with","https://i5.walmartimages.com/dfw/3ccc2d91-49dd/k2-_2dc6530f-2ead-40b6-8ec8-fedc1c0c8978.v1.png","Pickup","today","Delivery","today"
"https://www.walmart.ca/en/ip/Sensible-Portions-Veggie-Straws-Zesty-Ranch-Flavour-Gluten-Free-Chips/6000203116717?classType=REGULAR&from=/search","Sensible Portions® Veggie Straws™, Zesty Ranch Flavour, Gluten-Free Chips, 120 Gram Bag","","https://i5.walmartimages.com/asr/e99561ec-5a35-4d3d-bb0b-1ecae23e2cbb.c9569b41a2b5badd027aafffe997416f.jpeg?odnHeight=580&odnWidth=580&odnBg=FFFFFF","Add","$2.97","current price $2.97","$2.48/100g","Sensible Portions","Sensible Portions® Veggie Straws™, Zesty Ranch Flavour, Gluten-Free Chips, 120 Gram Bag","74","4.6757 out of 5 stars. 74 reviews","Free Delivery with","https://i5.walmartimages.com/dfw/3ccc2d91-49dd/k2-_2dc6530f-2ead-40b6-8ec8-fedc1c0c8978.v1.png","Pickup","today","Delivery","today"
"https://www.walmart.ca/en/ip/Great-Value-Gluten-Free-Animal-Cookies/6000190010127?classType=REGULAR&athbdg=L3048&from=/search","Great Value Gluten Free Animal Cookies, 180 g","Made In Canada","https://i5.walmartimages.com/asr/1ba924b5-4211-4fc6-bff6-da5a20517f23.675f84c0e9fbd38ef2a7e73b42e61c38.jpeg?odnHeight=580&odnWidth=580&odnBg=FFFFFF","Add","$4.28","current price $4.28","$2.38/100g","Great Value","Great Value Gluten Free Animal Cookies, 180 g","28","4.4286 out of 5 stars. 28 reviews","Free Delivery with","https://i5.walmartimages.com/dfw/3ccc2d91-49dd/k2-_2dc6530f-2ead-40b6-8ec8-fedc1c0c8978.v1.png","Pickup","today","Delivery","today"
"https://www.walmart.ca/en/ip/Honey-Nut-Chex-Breakfast-Cereal-Gluten-Free-Whole-Grains/1UC2HMRG3NW7?classType=REGULAR&athbdg=L3033&from=/search","Honey Nut Chex Breakfast Cereal, Gluten Free, Whole Grains, 354 g","2 for $8","https://i5.walmartimages.com/asr/5031f33f-cc24-4ea2-a549-3e85b1fba5c9.4068fe9e2b5368241c604b41f4bcbd47.jpeg?odnHeight=580&odnWidth=580&odnBg=FFFFFF","Add","$4.47","current price $4.47","$1.26/100g","Chex","Honey Nut Chex Breakfast Cereal, Gluten Free, Whole Grains, 354 g","156","4.7821 out of 5 stars. 156 reviews","Free Delivery with","https://i5.walmartimages.com/dfw/3ccc2d91-49dd/k2-_2dc6530f-2ead-40b6-8ec8-fedc1c0c8978.v1.png","Pickup","today","Delivery","today"
"https://www.walmart.ca/en/ip/Betty-Crocker-Gluten-Free-Brownies-Baking-Mix-Chocolate/6000188936772?classType=REGULAR&from=/search","Betty Crocker Gluten Free Brownies Baking Mix, Chocolate, 454 g","","https://i5.walmartimages.com/asr/609b2970-4de2-4316-ab63-0632aaafb62b.221cd059a2a4227f90b60ca041a9d5dc.jpeg?odnHeight=580&odnWidth=580&odnBg=FFFFFF","Add","$5.97","current price $5.97","$1.31/100g","Betty Crocker","Betty Crocker Gluten Free Brownies Baking Mix, Chocolate, 454 g","85","4.2 out of 5 stars. 85 reviews","Free Delivery with","https://i5.walmartimages.com/dfw/3ccc2d91-49dd/k2-_2dc6530f-2ead-40b6-8ec8-fedc1c0c8978.v1.png","Pickup","today","Delivery","today"
"https://www.walmart.ca/en/ip/Breton-Gluten-Free-Herb-Garlic-Crackers-Breton/10291661?classType=REGULAR&athbdg=L3033&from=/search","Breton Gluten Free Herb & Garlic Crackers, Breton, 135g","2 for $5","https://i5.walmartimages.com/asr/b5fa6be6-f774-485f-84d9-a5e30e171be5.1ccdc4e60eb5cf9bf69756017965f051.jpeg?odnHeight=580&odnWidth=580&odnBg=FFFFFF","Add","$3.48","current price $3.48","$2.58/100g","Breton","Breton Gluten Free Herb & Garlic Crackers, Breton, 135g","74","4.527 out of 5 stars. 74 reviews","Free Delivery with","https://i5.walmartimages.com/dfw/3ccc2d91-49dd/k2-_2dc6530f-2ead-40b6-8ec8-fedc1c0c8978.v1.png","Pickup","today","Delivery","today"
"https://www.walmart.ca/en/ip/promise-gluten-free-original-tortillas/6000207577521?classType=REGULAR&from=/search","Promise Gluten Free Original Tortillas, 4 tortillas, 168 g total","","https://i5.walmartimages.ca/images/Enlarge/003/532/6000208003532.jpg?odnHeight=580&odnWidth=580&odnBg=FFFFFF","Add","$7.97","current price $7.97","","Promise","Promise Gluten Free Original Tortillas, 4 tortillas, 168 g total","24","3.4167 out of 5 stars. 24 reviews","Free Delivery with","https://i5.walmartimages.com/dfw/3ccc2d91-49dd/k2-_2dc6530f-2ead-40b6-8ec8-fedc1c0c8978.v1.png","Pickup","today","Delivery","today"
"https://www.walmart.ca/en/ip/Biori-100-Organic-Gluten-Free-Chickpea-Penne-Rigate-250g/5OUMYY3PTNQ7?classType=REGULAR&from=/search","Biori 100% Organic Gluten Free Chickpea Penne Rigate 250g, Biori 100% Organic Gluten Free Chickpea Pasta","","https://i5.walmartimages.com/asr/4fd96c1b-185d-4e41-a190-a606e3346116.d0edb67bb10db4db56a9b8241cacd661.jpeg?odnHeight=580&odnWidth=580&odnBg=FFFFFF","Add","$3.97","current price $3.97","","Biori","Biori 100% Organic Gluten Free Chickpea Penne Rigate 250g, Biori 100% Organic Gluten Free Chickpea Pasta","1","5 out of 5 stars. 1 reviews","Free Delivery with","https://i5.walmartimages.com/dfw/3ccc2d91-49dd/k2-_2dc6530f-2ead-40b6-8ec8-fedc1c0c8978.v1.png","Pickup","today","Delivery","today"
"https://www.walmart.ca/en/ip/Hidden-Valley-Ranch-Original-Creamy-Dressing-Dip-Gluten-Free/10074980?classType=REGULAR&athbdg=L1300&from=/search","Hidden Valley Ranch Original Creamy Dressing & Dip, Gluten Free -, 473 mL","Rollback","https://i5.walmartimages.com/asr/e82995d1-b4f2-479c-b33a-7d825dede8f9.6e6a8f74629d623ca50c74d0beded4e5.jpeg?odnHeight=580&odnWidth=580&odnBg=FFFFFF","Add","Now $2.77","current price Now $2.77","59¢/100ml","Hidden Valley","Hidden Valley Ranch Original Creamy Dressing & Dip, Gluten Free -, 473 mL","523","4.2237 out of 5 stars. 523 reviews","Free Delivery with","https://i5.walmartimages.com/dfw/3ccc2d91-49dd/k2-_2dc6530f-2ead-40b6-8ec8-fedc1c0c8978.v1.png","Pickup","today","Delivery","today"
"https://www.walmart.ca/en/ip/Catelli-Gluten-Free-Spaghetti-Pasta-340g/10276547?classType=REGULAR&from=/search","Catelli Gluten Free Spaghetti Pasta, 340g, 340 g","","https://i5.walmartimages.com/asr/6f6605fd-c3ef-4ebe-960a-02dc7a3a9093.2e043971c2b139cee4690e9f59b77479.jpeg?odnHeight=580&odnWidth=580&odnBg=FFFFFF","Add","$2.97","current price $2.97","87¢/100g","CATELLI","Catelli Gluten Free Spaghetti Pasta, 340g, 340 g","67","4.6119 out of 5 stars. 67 reviews","Free Delivery with","https://i5.walmartimages.com/dfw/3ccc2d91-49dd/k2-_2dc6530f-2ead-40b6-8ec8-fedc1c0c8978.v1.png","Pickup","today","Delivery","today"
"https://www.walmart.ca/en/ip/promise-gluten-free-brioche-hamburger-buns/6000207576060?classType=REGULAR&from=/search","Promise Gluten Free Brioche Hamburger Buns, 4 buns, 260 g total","","https://i5.walmartimages.ca/images/Enlarge/991/883/6000207991883.jpg?odnHeight=580&odnWidth=580&odnBg=FFFFFF","Add","$6.97","current price $6.97","$2.68/100g","Promise","Promise Gluten Free Brioche Hamburger Buns, 4 buns, 260 g total","31","3.6452 out of 5 stars. 31 reviews","Free Delivery with","https://i5.walmartimages.com/dfw/3ccc2d91-49dd/k2-_2dc6530f-2ead-40b6-8ec8-fedc1c0c8978.v1.png","Pickup","today","Delivery","today"
"https://www.walmart.ca/en/ip/Breton-Gluten-Free-Original-with-Flax-Crackers-Dare/10291633?classType=REGULAR&athbdg=L3033&from=/search","Breton Gluten Free Original with Flax Crackers, Dare, 135 g","2 for $5","https://i5.walmartimages.com/asr/7ac7dfa6-2010-482e-a555-bc598a3720aa.ff7cc4a82009f8ec4fdc870d6c634e5a.jpeg?odnHeight=580&odnWidth=580&odnBg=FFFFFF","Add","$3.48","current price $3.48","$2.58/100g","Breton","Breton Gluten Free Original with Flax Crackers, Dare, 135 g","77","4.6234 out of 5 stars. 77 reviews","Free Delivery with","https://i5.walmartimages.com/dfw/3ccc2d91-49dd/k2-_2dc6530f-2ead-40b6-8ec8-fedc1c0c8978.v1.png","Pickup","today","Delivery","today"
"https://www.walmart.ca/en/ip/Great-Value-Gluten-Free-Double-Chocolate-Cookies/6000200897993?classType=REGULAR&from=/search","Great Value Gluten Free Double Chocolate Cookies, 250 g","","https://i5.walmartimages.com/asr/53b0d074-98a4-4ea9-b8f3-c37222ee8cec.ae91f2f44fb19527f6936be4d4136305.jpeg?odnHeight=580&odnWidth=580&odnBg=FFFFFF","Add","$4.28","current price $4.28","$1.71/100g","Great Value","Great Value Gluten Free Double Chocolate Cookies, 250 g","55","4.5455 out of 5 stars. 55 reviews","Free Delivery with","https://i5.walmartimages.com/dfw/3ccc2d91-49dd/k2-_2dc6530f-2ead-40b6-8ec8-fedc1c0c8978.v1.png","Pickup","today","Delivery","today"
"https://www.walmart.ca/en/ip/promise-gluten-free-handcrafted-sourdough-rustic-white-loaf/6000207577298?classType=REGULAR&from=/search","Promise Gluten Free Handcrafted Sourdough Rustic White Loaf, 400 g","","https://i5.walmartimages.ca/images/Enlarge/992/097/6000207992097.jpg?odnHeight=580&odnWidth=580&odnBg=FFFFFF","Add","$7.97","current price $7.97","$1.99/100g","Promise","Promise Gluten Free Handcrafted Sourdough Rustic White Loaf, 400 g","35","4.6286 out of 5 stars. 35 reviews","Free Delivery with","https://i5.walmartimages.com/dfw/3ccc2d91-49dd/k2-_2dc6530f-2ead-40b6-8ec8-fedc1c0c8978.v1.png","Pickup","today","Delivery","today"
"https://www.walmart.ca/en/ip/Daiya-Dairy-Free-Gluten-Free-Supreme-Pizza-Vegan-Frozen/6000195938328?classType=REGULAR&athbdg=L1300&from=/search","Daiya Dairy Free Gluten Free Supreme Pizza, Vegan (Frozen), 550g","Rollback","https://i5.walmartimages.com/asr/0245517d-58b2-4366-80c7-96f5a9d41eca.c5683d81f32bbe7cad9907952a2aff4c.jpeg?odnHeight=580&odnWidth=580&odnBg=FFFFFF","Add","Now $8.47","current price Now $8.47","$1.54/100g","Daiya","Daiya Dairy Free Gluten Free Supreme Pizza, Vegan (Frozen), 550g","74","3.973 out of 5 stars. 74 reviews","Free Delivery with","https://i5.walmartimages.com/dfw/3ccc2d91-49dd/k2-_2dc6530f-2ead-40b6-8ec8-fedc1c0c8978.v1.png","Pickup","today","Delivery","today"
"https://www.walmart.ca/en/ip/Good-Thins-Sea-Salt-Pepper-Gluten-Free-Rice-Crackers/6000197073650?classType=REGULAR&athbdg=L3033&from=/search","Good Thins, Sea Salt & Pepper, Gluten Free Rice Crackers, 100 g","2 for $7","https://i5.walmartimages.com/asr/9fe957a2-efd4-418a-b7bf-3085b5b72c74.fbf6f83d3d2541a6ea5cfd1c6d34666d.jpeg?odnHeight=580&odnWidth=580&odnBg=FFFFFF","Add","$3.98","current price $3.98","$3.98/100g","Christie","Good Thins, Sea Salt & Pepper, Gluten Free Rice Crackers, 100 g","21","4.5238 out of 5 stars. 21 reviews","Free Delivery with","https://i5.walmartimages.com/dfw/3ccc2d91-49dd/k2-_2dc6530f-2ead-40b6-8ec8-fedc1c0c8978.v1.png","Pickup","today","Delivery","today"
"https://www.walmart.ca/en/ip/Catelli-Gluten-Free-Lasagne-Pasta-250g/6000195404451?classType=REGULAR&athbdg=L1600&from=/search","Catelli Gluten Free Lasagne Pasta, 250g, 250 g","Best seller","https://i5.walmartimages.com/asr/ea00669a-f338-44ea-9290-4c61c0432940.fb738d5e9fe36635373b34bd435c6d2f.jpeg?odnHeight=580&odnWidth=580&odnBg=FFFFFF","Add","$3.97","current price $3.97","$1.59/100g","CATELLI","Catelli Gluten Free Lasagne Pasta, 250g, 250 g","45","4.4444 out of 5 stars. 45 reviews","Free Delivery with","https://i5.walmartimages.com/dfw/3ccc2d91-49dd/k2-_2dc6530f-2ead-40b6-8ec8-fedc1c0c8978.v1.png","Pickup","today","Delivery","today"
"https://www.walmart.ca/en/ip/Sensible-Portions-Veggie-Puffs-White-Cheddar-Flavour-Gluten-Free-Chips/6000203476289?classType=REGULAR&from=/search","Sensible Portions® Veggie Puffs™, White Cheddar Flavour, Gluten-Free Chips, 106 Gram Bag","","https://i5.walmartimages.com/asr/fd3acbbc-bbcc-4bec-917d-c617402da7ef.1ba1cb9e578a5b9da82fadc80f5c5d1a.jpeg?odnHeight=580&odnWidth=580&odnBg=FFFFFF","Add","$4.37","current price $4.37","$4.12/100g","Sensible Portions","Sensible Portions® Veggie Puffs™, White Cheddar Flavour, Gluten-Free Chips, 106 Gram Bag","12","4.5833 out of 5 stars. 12 reviews","Free Delivery with","https://i5.walmartimages.com/dfw/3ccc2d91-49dd/k2-_2dc6530f-2ead-40b6-8ec8-fedc1c0c8978.v1.png","Pickup","today","Delivery","today"
"https://www.walmart.ca/en/ip/Betty-Crocker-Gluten-Free-Cookie-Mix-Chocolate-Chip/6000188936775?classType=REGULAR&from=/search","Betty Crocker Gluten Free Cookie Mix, Chocolate Chip, 539 g","","https://i5.walmartimages.com/asr/8153aed3-2a45-4977-80e5-eeb488331114.2e132e40acd5f4f948d72492e8d85cd6.jpeg?odnHeight=580&odnWidth=580&odnBg=FFFFFF","Add","$5.97","current price $5.97","$1.11/100g","Betty Crocker","Betty Crocker Gluten Free Cookie Mix, Chocolate Chip, 539 g","49","4.0204 out of 5 stars. 49 reviews","Free Delivery with","https://i5.walmartimages.com/dfw/3ccc2d91-49dd/k2-_2dc6530f-2ead-40b6-8ec8-fedc1c0c8978.v1.png","Pickup","today","Delivery","today"
"https://www.walmart.ca/en/ip/Annie-s-Homegrown-Macaroni-Cheese-Rice-Pasta-Cheddar-Gluten-Free-170-g-3-Servings/10262311?classType=REGULAR&athbdg=L1300&from=/search","Annie's Homegrown Macaroni & Cheese, Rice Pasta & Cheddar, Gluten Free, 170 g, 3 Servings, 170 g","Rollback","https://i5.walmartimages.com/asr/1d719ad8-fa1b-4ced-ba3c-edef214f40a9.e7bd350ba6fc735bc5ed9e7e4c7f4a21.jpeg?odnHeight=580&odnWidth=580&odnBg=FFFFFF","Add","Now $1.97","current price Now $1.97","$1.16/100g","Annie’s","Annie's Homegrown Macaroni & Cheese, Rice Pasta & Cheddar, Gluten Free, 170 g, 3 Servings, 170 g","61","4.3607 out of 5 stars. 61 reviews","Free Delivery with","https://i5.walmartimages.com/dfw/3ccc2d91-49dd/k2-_2dc6530f-2ead-40b6-8ec8-fedc1c0c8978.v1.png","Pickup","today","Delivery","today"
"https://www.walmart.ca/en/ip/OREO-Gluten-Free-Original-Chocolate-Sandwich-Cookies/608DPMXMBKVD?classType=REGULAR&from=/search","OREO Gluten Free Original Chocolate Sandwich Cookies, 342 g","","https://i5.walmartimages.com/asr/aec9909f-45e4-4b88-8ba3-4cfc2a3db540.49a1de017d95f7de05022b97937f0585.jpeg?odnHeight=580&odnWidth=580&odnBg=FFFFFF","Add","$8.18","current price $8.18","$2.39/100g","OREO","OREO Gluten Free Original Chocolate Sandwich Cookies, 342 g","32","4.7813 out of 5 stars. 32 reviews","Free Delivery with","https://i5.walmartimages.com/dfw/3ccc2d91-49dd/k2-_2dc6530f-2ead-40b6-8ec8-fedc1c0c8978.v1.png","Pickup","today","Delivery","today"
"https://www.walmart.ca/en/ip/Catelli-Gluten-Free-Macaroni-Pasta-340g/6000188766403?classType=REGULAR&from=/search","Catelli Gluten Free Macaroni Pasta, 340g, 340 g","","https://i5.walmartimages.com/asr/1b8af825-e481-4fdc-87b8-9881c9ce3f61.516d76ca7d56470594925a3caae01449.jpeg?odnHeight=580&odnWidth=580&odnBg=FFFFFF","Add","$2.97","current price $2.97","87¢/100g","CATELLI","Catelli Gluten Free Macaroni Pasta, 340g, 340 g","50","4.72 out of 5 stars. 50 reviews","Free Delivery with","https://i5.walmartimages.com/dfw/3ccc2d91-49dd/k2-_2dc6530f-2ead-40b6-8ec8-fedc1c0c8978.v1.png","Pickup","today","Delivery","today"
"https://www.walmart.ca/en/ip/Fruit-Gushers-by-Betty-Crocker-Gluten-Free-Gushin-Grape-and-Tropical-Flavours/10281439?from=/search","Fruit Gushers by Betty Crocker Gluten Free Gushin' Grape and Tropical Flavours, 6 pouches,138 g","3 for $8","https://i5.walmartimages.com/asr/26ad0c8e-5e76-41d6-9361-886bfa6c1e62.88912014897d741941b5acb1e7b037f2.jpeg?odnHeight=580&odnWidth=580&odnBg=FFFFFF","Add","$2.97","current price $2.97","","Fruit Gushers by Betty Crocker","Fruit Gushers by Betty Crocker Gluten Free Gushin' Grape and Tropical Flavours, 6 pouches,138 g","30","4.6333 out of 5 stars. 30 reviews","Free Delivery with","https://i5.walmartimages.com/dfw/3ccc2d91-49dd/k2-_2dc6530f-2ead-40b6-8ec8-fedc1c0c8978.v1.png","Pickup","today","Delivery","today"
"https://www.walmart.ca/en/ip/san-daniele-gluten-free-sliced-light-mortadella/6000190447743?classType=REGULAR&athbdg=L3048&from=/search","San Daniele Gluten Free Sliced Light Mortadella, 175 g","Made In Canada","https://i5.walmartimages.ca/images/Enlarge/380/002/6000207380002.jpg?odnHeight=580&odnWidth=580&odnBg=FFFFFF","Add","$2.97","current price $2.97","$1.70/100g","San Daniele","San Daniele Gluten Free Sliced Light Mortadella, 175 g","30","4.5 out of 5 stars. 30 reviews","Free Delivery with","https://i5.walmartimages.com/dfw/3ccc2d91-49dd/k2-_2dc6530f-2ead-40b6-8ec8-fedc1c0c8978.v1.png","Pickup","today","Delivery","today"
"https://www.walmart.ca/en/ip/mastro-gluten-free-sliced-salami-with-prosciutto/6000196927816?classType=REGULAR&athbdg=L3048&from=/search","Mastro Gluten Free Sliced Salami with Prosciutto, 100g","Made In Canada","https://i5.walmartimages.ca/images/Enlarge/059/881/999999-60085059881.jpg?odnHeight=580&odnWidth=580&odnBg=FFFFFF","Add","$4.38","current price $4.38","$4.38/100g","Mastro","Mastro Gluten Free Sliced Salami with Prosciutto, 100g","66","4.3939 out of 5 stars. 66 reviews","Free Delivery with","https://i5.walmartimages.com/dfw/3ccc2d91-49dd/k2-_2dc6530f-2ead-40b6-8ec8-fedc1c0c8978.v1.png","Pickup","today","Delivery","today"
"https://www.walmart.ca/en/ip/VH-Gluten-Free-Butter-Chicken-Sauce/10285398?classType=REGULAR&athbdg=L1300&from=/search","VH Gluten Free Butter Chicken Sauce, 341 mL","Rollback","https://i5.walmartimages.com/asr/d99ac96a-6531-46a2-9e26-7cc0b40b3261.d8797f5dedbc449705426232dae4f7e3.jpeg?odnHeight=580&odnWidth=580&odnBg=FFFFFF","Add","Now $2.97","current price Now $2.97","87¢/100ml","Conagra Brands","VH Gluten Free Butter Chicken Sauce, 341 mL","283","4.2756 out of 5 stars. 283 reviews","Free Delivery with","https://i5.walmartimages.com/dfw/3ccc2d91-49dd/k2-_2dc6530f-2ead-40b6-8ec8-fedc1c0c8978.v1.png","Pickup","today","Delivery","today"
"https://www.walmart.ca/en/ip/OREO-Gluten-Free-Double-Stuf-Chocolate-Sandwich-Cookies/54R7958A6RN5?classType=REGULAR&from=/search","OREO Gluten Free, Double Stuf Chocolate Sandwich Cookies, 353 g","","https://i5.walmartimages.com/asr/d0bb56f4-46fc-4042-be66-24141b201a66.d4647f2eca7b4634d537bcb2c1dc82ec.jpeg?odnHeight=580&odnWidth=580&odnBg=FFFFFF","Add","$8.18","current price $8.18","$2.32/100g","OREO","OREO Gluten Free, Double Stuf Chocolate Sandwich Cookies, 353 g","27","4.8519 out of 5 stars. 27 reviews","Free Delivery with","https://i5.walmartimages.com/dfw/3ccc2d91-49dd/k2-_2dc6530f-2ead-40b6-8ec8-fedc1c0c8978.v1.png","Pickup","today","Delivery","today"
"https://www.walmart.ca/en/ip/Nakd-Salted-Caramel-Multipack/6000200892942?classType=REGULAR&from=/search","Nakd Salted Caramel Multipack, Gluten free snack bars","","https://i5.walmartimages.com/asr/4a15b8eb-27c1-4227-9dc0-9da028a82eea.8d0aace915ccda744b5d087ce6e6c8e9.png?odnHeight=580&odnWidth=580&odnBg=FFFFFF","Add","$5.97","current price $5.97","$4.26/100g","Nakd Bars","Nakd Salted Caramel Multipack, Gluten free snack bars","7","3.7143 out of 5 stars. 7 reviews","Free Delivery with","https://i5.walmartimages.com/dfw/3ccc2d91-49dd/k2-_2dc6530f-2ead-40b6-8ec8-fedc1c0c8978.v1.png","Pickup","today","Delivery","today"
"https://www.walmart.ca/en/ip/Betty-Crocker-Gluten-Free-Golden-Cake-Mix/10072767?classType=REGULAR&from=/search","Betty Crocker Gluten Free Golden Cake Mix, 425 g","","https://i5.walmartimages.com/asr/60c57c52-397a-40c5-a4a0-e6c76d9a3a9b.441cd31180b7585ec972f58b4b5654ff.jpeg?odnHeight=580&odnWidth=580&odnBg=FFFFFF","Add","$5.97","current price $5.97","$1.40/100g","Betty Crocker","Betty Crocker Gluten Free Golden Cake Mix, 425 g","61","4.3934 out of 5 stars. 61 reviews","Free Delivery with","https://i5.walmartimages.com/dfw/3ccc2d91-49dd/k2-_2dc6530f-2ead-40b6-8ec8-fedc1c0c8978.v1.png","Pickup","today","Delivery","today"
"https://www.walmart.ca/en/ip/Mary-s-Gluten-Free-Herb-Organic-Crackers/10236184?classType=REGULAR&athbdg=L1300&from=/search","Mary's Gluten Free Herb Organic Crackers, 184GR","Rollback","https://i5.walmartimages.com/asr/3edde14f-081e-4ec3-ba9f-c2b26db959bc.d43ef9367208a67b549eb3f38b7854d0.png?odnHeight=580&odnWidth=580&odnBg=FFFFFF","Add","Now $5.44","current price Now $5.44","$2.96/100g","MARYS ORGANIC CRACKERS","Mary's Gluten Free Herb Organic Crackers, 184GR","50","3.9 out of 5 stars. 50 reviews","Free Delivery with","https://i5.walmartimages.com/dfw/3ccc2d91-49dd/k2-_2dc6530f-2ead-40b6-8ec8-fedc1c0c8978.v1.png","Delivery","today","",""
"https://www.walmart.ca/en/ip/Ristorante-Gluten-Free-Pizza-Pepperoni/6000197759376?classType=REGULAR&from=/search","Ristorante Gluten Free Pizza Pepperoni, 315 g","","https://i5.walmartimages.com/asr/43c79026-6b03-435e-94f9-0b93f0f58257.ccfc95587f5a42d5616ba8a6407f7aae.jpeg?odnHeight=580&odnWidth=580&odnBg=FFFFFF","Add","$9.48","current price $9.48","$63.20/100g","Dr. Oetker","Ristorante Gluten Free Pizza Pepperoni, 315 g","507","4.5404 out of 5 stars. 507 reviews","Free Delivery with","https://i5.walmartimages.com/dfw/3ccc2d91-49dd/k2-_2dc6530f-2ead-40b6-8ec8-fedc1c0c8978.v1.png","Pickup","today","Delivery","today"
"https://www.walmart.ca/en/ip/Rice-Chex-Breakfast-Cereal-Gluten-Free-Whole-Grains/6WEWFZRSB2U8?classType=REGULAR&athbdg=L3033&from=/search","Rice Chex Breakfast Cereal, Gluten Free, Whole Grains, 340 g","2 for $8","https://i5.walmartimages.com/asr/6b5ee5af-bad7-4a84-bf8b-1bc7e1833c4a.2714857744cd11570329f321b064a721.jpeg?odnHeight=580&odnWidth=580&odnBg=FFFFFF","Add","$4.47","current price $4.47","$1.31/100g","Chex","Rice Chex Breakfast Cereal, Gluten Free, Whole Grains, 340 g","63","4.4762 out of 5 stars. 63 reviews","Free Delivery with","https://i5.walmartimages.com/dfw/3ccc2d91-49dd/k2-_2dc6530f-2ead-40b6-8ec8-fedc1c0c8978.v1.png","Pickup","today","Delivery","today"
"https://www.walmart.ca/en/ip/Biori-100-Organic-Gluten-Free-Brown-Rice-Tortiglioni-250g/50JI3FG91GQ0?classType=REGULAR&athbdg=L1600&from=/search","Biori 100% Organic Gluten Free Brown Rice Tortiglioni 250g, Biori 100% Organic Gluten Free Brown Rice Pasta","Best seller","https://i5.walmartimages.com/asr/ff971fec-6a43-4555-ad20-c216350e7dcc.dd482ea343b5840cfd9974144b5c43aa.jpeg?odnHeight=580&odnWidth=580&odnBg=FFFFFF","Add","$3.97","current price $3.97","$1.59/100g","Biori","Biori 100% Organic Gluten Free Brown Rice Tortiglioni 250g, Biori 100% Organic Gluten Free Brown Rice Pasta","1","5 out of 5 stars. 1 reviews","Free Delivery with","https://i5.walmartimages.com/dfw/3ccc2d91-49dd/k2-_2dc6530f-2ead-40b6-8ec8-fedc1c0c8978.v1.png","Pickup","today","Delivery","today"
"https://www.walmart.ca/en/ip/Harvest-Snaps-Crisps-Wasabi-Ranch-Low-Salt-Gluten-Free-Baked-Green-Pea-Crisps-94g/6000196059894?classType=REGULAR&from=/search","Harvest Snaps Crisps Wasabi Ranch Low Salt Gluten Free Baked Green Pea Crisps 94g, Harvest Snaps Gluten Free Wasabi Ranch Green Pea Snack Chips 94g","","https://i5.walmartimages.com/asr/ba061b83-d39e-4800-ac03-e86baaabb9b0.30c9e3dad77dd6b2d5cb51cc652433ca.jpeg?odnHeight=580&odnWidth=580&odnBg=FFFFFF","Add","$3.28","current price $3.28","$3.86/100g","Harvest Snaps","Harvest Snaps Crisps Wasabi Ranch Low Salt Gluten Free Baked Green Pea Crisps 94g, Harvest Snaps Gluten Free Wasabi Ranch Green Pea Snack Chips 94g","26","4.1923 out of 5 stars. 26 reviews","Free Delivery with","https://i5.walmartimages.com/dfw/3ccc2d91-49dd/k2-_2dc6530f-2ead-40b6-8ec8-fedc1c0c8978.v1.png","Pickup","today","Delivery","today"
"https://www.walmart.ca/en/ip/Good-Thins-Multigrain-Gluten-Free-Rice-Crackers/6000197073653?classType=REGULAR&athbdg=L3033&from=/search","Good Thins, Multigrain, Gluten Free Rice Crackers, 100 g","2 for $7","https://i5.walmartimages.com/asr/0e74e0c5-42a9-4a59-a982-1ea6e465ee37.83de01159267be5208e19cfd9185e97e.jpeg?odnHeight=580&odnWidth=580&odnBg=FFFFFF","Add","$3.98","current price $3.98","$3.98/100g","Christie","Good Thins, Multigrain, Gluten Free Rice Crackers, 100 g","24","4.5417 out of 5 stars. 24 reviews","Free Delivery with","https://i5.walmartimages.com/dfw/3ccc2d91-49dd/k2-_2dc6530f-2ead-40b6-8ec8-fedc1c0c8978.v1.png","Pickup","today","Delivery","today"
"https://www.walmart.ca/en/ip/mastro-gluten-free-hot-genoa-sliced-salami/6000196927813?classType=REGULAR&athbdg=L3048&from=/search","Mastro Gluten Free Hot Genoa Sliced Salami, 100 g","Made In Canada","https://i5.walmartimages.com/asr/2d083939-c461-44c4-912e-e3e466636c70.4d7fd2f1af965e4c0ce5e2da407dec4f.jpeg?odnHeight=580&odnWidth=580&odnBg=FFFFFF","Add","$3.97","current price $3.97","$3.97/100g","Mastro","Mastro Gluten Free Hot Genoa Sliced Salami, 100 g","82","4.439 out of 5 stars. 82 reviews","Free Delivery with","https://i5.walmartimages.com/dfw/3ccc2d91-49dd/k2-_2dc6530f-2ead-40b6-8ec8-fedc1c0c8978.v1.png","Pickup","today","Delivery","today"
"https://www.walmart.ca/en/ip/Good-Thins-Sesame-Gluten-Free-Rice-Crackers/6000197073647?classType=REGULAR&athbdg=L3033&from=/search","Good Thins, Sesame, Gluten Free Rice Crackers, 100 g","2 for $7","https://i5.walmartimages.com/asr/ccb9f2ba-f18d-43be-93f3-878ef70537d0.7623fdcd63b1e0f60f259d3d85e0a974.jpeg?odnHeight=580&odnWidth=580&odnBg=FFFFFF","Add","$3.98","current price $3.98","$3.98/100g","Christie","Good Thins, Sesame, Gluten Free Rice Crackers, 100 g","46","4.6304 out of 5 stars. 46 reviews","Free Delivery with","https://i5.walmartimages.com/dfw/3ccc2d91-49dd/k2-_2dc6530f-2ead-40b6-8ec8-fedc1c0c8978.v1.png","Pickup","today","Delivery","today"
"https://www.walmart.ca/en/ip/promise-gluten-free-plain-bagels/6000207576964?classType=REGULAR&from=/search","Promise Gluten Free Plain Bagels, 4 pk, 280 g total","","https://i5.walmartimages.ca/images/Enlarge/992/099/6000207992099.jpg?odnHeight=580&odnWidth=580&odnBg=FFFFFF","Add","$6.97","current price $6.97","$2.49/100g","Promise","Promise Gluten Free Plain Bagels, 4 pk, 280 g total","15","4.2667 out of 5 stars. 15 reviews","Free Delivery with","https://i5.walmartimages.com/dfw/3ccc2d91-49dd/k2-_2dc6530f-2ead-40b6-8ec8-fedc1c0c8978.v1.png","Pickup","today","Delivery","today"
"https://www.walmart.ca/en/ip/Nakd-Blueberry-Muffin-Multipack/6000200892665?classType=REGULAR&from=/search","Nakd Blueberry Muffin Multipack, Gluten-free snack bars","","https://i5.walmartimages.com/asr/6124b0f9-8897-438f-b998-6b03587ff1a0.3502666db0311b078f81fc1c0ebb1ce4.png?odnHeight=580&odnWidth=580&odnBg=FFFFFF","Add","$5.97","current price $5.97","$4.26/100g","Nakd Bars","Nakd Blueberry Muffin Multipack, Gluten-free snack bars","5","5 out of 5 stars. 5 reviews","Free Delivery with","https://i5.walmartimages.com/dfw/3ccc2d91-49dd/k2-_2dc6530f-2ead-40b6-8ec8-fedc1c0c8978.v1.png","Pickup","today","Delivery","today"
"https://www.walmart.ca/en/ip/So-Delicious-Peanut-Butter-Brownie/5E124CTFMNJ9?classType=REGULAR&from=/search","So Delicious Peanut Butter Brownie, So Delicious Dairy Free Gluten Free Peanut Butter Brownie Cashew 500 mL","","https://i5.walmartimages.com/asr/46499d09-fa61-4425-8b2b-716f9009ca24.8ad2a07611f8b870978682a903bba45d.jpeg?odnHeight=580&odnWidth=580&odnBg=FFFFFF","Add","$7.27","current price $7.27","","So Delicious","So Delicious Peanut Butter Brownie, So Delicious Dairy Free Gluten Free Peanut Butter Brownie Cashew 500 mL","9","4.8889 out of 5 stars. 9 reviews","Free Delivery with","https://i5.walmartimages.com/dfw/3ccc2d91-49dd/k2-_2dc6530f-2ead-40b6-8ec8-fedc1c0c8978.v1.png","Pickup","today","Delivery","today"
"https://www.walmart.ca/en/ip/Biori-100-Organic-Gluten-Free-Brown-Rice-Spaghetti-250g/6R6QUAD4M8OT?classType=REGULAR&from=/search","Biori 100% Organic Gluten Free Brown Rice Spaghetti 250g, Biori 100% Organic Gluten Free Brown Rice Pasta","","https://i5.walmartimages.com/asr/803af9ff-79dc-4a6b-8881-475803cab736.7a6a79fb64c22b658a4e93b4b37a7dac.jpeg?odnHeight=580&odnWidth=580&odnBg=FFFFFF","Add","$3.97","current price $3.97","","Biori","Biori 100% Organic Gluten Free Brown Rice Spaghetti 250g, Biori 100% Organic Gluten Free Brown Rice Pasta","","","Free Delivery with","https://i5.walmartimages.com/dfw/3ccc2d91-49dd/k2-_2dc6530f-2ead-40b6-8ec8-fedc1c0c8978.v1.png","Pickup","today","Delivery","today"
"https://www.walmart.ca/en/ip/Amy-s-Kitchen-Gluten-Free-Bean-Cheese-Burrito/10305404?classType=REGULAR&athbdg=L1600&from=/search","Amy's Kitchen, Gluten Free Bean & Cheese Burrito, 156g","Best seller","https://i5.walmartimages.com/asr/35230bf6-ee67-4111-b4c1-887efe2f5bba.48ddadeab4adfb0cd3baed5ce10b5637.jpeg?odnHeight=580&odnWidth=580&odnBg=FFFFFF","Add","$5.47","current price $5.47","$3.51/100g","Amy's Kitchen","Amy's Kitchen, Gluten Free Bean & Cheese Burrito, 156g","22","4.1818 out of 5 stars. 22 reviews","Free Delivery with","https://i5.walmartimages.com/dfw/3ccc2d91-49dd/k2-_2dc6530f-2ead-40b6-8ec8-fedc1c0c8978.v1.png","Pickup","today","Delivery","today"
"https://www.walmart.ca/en/ip/promise-gluten-free-english-muffins/6000207576706?classType=REGULAR&from=/search","Promise Gluten Free English Muffins, 4 pieces, 240 g total","","https://i5.walmartimages.ca/images/Enlarge/003/535/6000208003535.jpg?odnHeight=580&odnWidth=580&odnBg=FFFFFF","Add","$7.97","current price $7.97","$3.32/100g","Promise","Promise Gluten Free English Muffins, 4 pieces, 240 g total","43","4.186 out of 5 stars. 43 reviews","Free Delivery with","https://i5.walmartimages.com/dfw/3ccc2d91-49dd/k2-_2dc6530f-2ead-40b6-8ec8-fedc1c0c8978.v1.png","Pickup","today","Delivery","today"
"https://www.walmart.ca/en/ip/Hidden-Valley-Original-Ranch-Light-Salad-Dressing-Topping-Gluten-Free/10074983?classType=REGULAR&athbdg=L1300&from=/search","Hidden Valley Original Ranch Light Salad Dressing & Topping, Gluten Free -, 473 mL","Rollback","https://i5.walmartimages.com/asr/941df627-7b65-43cd-b286-2c8aa24f9cc0.9cfa9266899c529a33df8dc43da9602b.jpeg?odnHeight=580&odnWidth=580&odnBg=FFFFFF","Add","Now $2.77","current price Now $2.77","59¢/100ml","Hidden Valley","Hidden Valley Original Ranch Light Salad Dressing & Topping, Gluten Free -, 473 mL","103","4.4466 out of 5 stars. 103 reviews","Free Delivery with","https://i5.walmartimages.com/dfw/3ccc2d91-49dd/k2-_2dc6530f-2ead-40b6-8ec8-fedc1c0c8978.v1.png","Pickup","today","Delivery","today"
"https://www.walmart.ca/en/ip/So-Delicious-Smores-Oat/62F61I3XT2VD?classType=REGULAR&from=/search","So Delicious Smores Oat, So Delicious Dairy Free Gluten Free Smores, Oat Base 500 ml","","https://i5.walmartimages.com/asr/5b67e537-0c73-4003-90fd-7dfa6dfe4ec3.74ca638f73668dfdbdbf72ae5e260245.jpeg?odnHeight=580&odnWidth=580&odnBg=FFFFFF","Add","$7.27","current price $7.27","","So Delicious","So Delicious Smores Oat, So Delicious Dairy Free Gluten Free Smores, Oat Base 500 ml","6","5 out of 5 stars. 6 reviews","Free Delivery with","https://i5.walmartimages.com/dfw/3ccc2d91-49dd/k2-_2dc6530f-2ead-40b6-8ec8-fedc1c0c8978.v1.png","Pickup","today","Delivery","today"
"https://www.walmart.ca/en/ip/promise-gluten-free-handcrafted-sourdough-sandwich-rolls/6000208798277?classType=REGULAR&from=/search","Promise Gluten Free Handcrafted Sourdough Sandwich Rolls, 4 pieces, 260 g total","","https://i5.walmartimages.ca/images/Enlarge/879/184/6000208879184.jpg?odnHeight=580&odnWidth=580&odnBg=FFFFFF","Add","$7.97","current price $7.97","$3.07/100g","Promise","Promise Gluten Free Handcrafted Sourdough Sandwich Rolls, 4 pieces, 260 g total","4","4.75 out of 5 stars. 4 reviews","Free Delivery with","https://i5.walmartimages.com/dfw/3ccc2d91-49dd/k2-_2dc6530f-2ead-40b6-8ec8-fedc1c0c8978.v1.png","Pickup","today","Delivery","today"
"https://www.walmart.ca/en/ip/san-daniele-gluten-free-sliced-prosciutto/6000196927819?classType=REGULAR&athbdg=L3048&from=/search","San Daniele Gluten Free Sliced Prosciutto, 100 g","Made In Canada","https://i5.walmartimages.ca/images/Enlarge/379/991/6000207379991.jpg?odnHeight=580&odnWidth=580&odnBg=FFFFFF","Add","$6.47","current price $6.47","$6.47/100g","San Daniele","San Daniele Gluten Free Sliced Prosciutto, 100 g","75","4.5333 out of 5 stars. 75 reviews","Free Delivery with","https://i5.walmartimages.com/dfw/3ccc2d91-49dd/k2-_2dc6530f-2ead-40b6-8ec8-fedc1c0c8978.v1.png","Pickup","today","Delivery","today"
"https://www.walmart.ca/en/ip/old-dutch-bbq/6000197102569?classType=REGULAR&athbdg=L3048&from=/search","Old Dutch BBQ, Gluten Free Potato Chips","Made In Canada","https://i5.walmartimages.ca/images/Enlarge/118/029/6000202118029.jpg?odnHeight=580&odnWidth=580&odnBg=FFFFFF","Add","$1.68","current price $1.68","$2.55/100g","Old Dutch","Old Dutch BBQ, Gluten Free Potato Chips","5","5 out of 5 stars. 5 reviews","Free Delivery with","https://i5.walmartimages.com/dfw/3ccc2d91-49dd/k2-_2dc6530f-2ead-40b6-8ec8-fedc1c0c8978.v1.png","Pickup","today","Delivery","today"
"https://www.walmart.ca/en/ip/old-dutch-original/6000197102566?classType=REGULAR&athbdg=L3048&from=/search","Old Dutch Original, Gluten Free Potato Chips","Made In Canada","https://i5.walmartimages.ca/images/Enlarge/023/373/6000202023373.jpg?odnHeight=580&odnWidth=580&odnBg=FFFFFF","Add","$1.68","current price $1.68","$2.55/100g","Old Dutch","Old Dutch Original, Gluten Free Potato Chips","7","3.2857 out of 5 stars. 7 reviews","Free Delivery with","https://i5.walmartimages.com/dfw/3ccc2d91-49dd/k2-_2dc6530f-2ead-40b6-8ec8-fedc1c0c8978.v1.png","Pickup","today","Delivery","today"
"https://www.walmart.ca/en/ip/san-daniele-gluten-free-sliced-mortadella/6000190447737?classType=REGULAR&athbdg=L3048&from=/search","San Daniele Gluten Free Sliced Mortadella, 175g","Made In Canada","https://i5.walmartimages.ca/images/Enlarge/385/858/6000207385858.jpg?odnHeight=580&odnWidth=580&odnBg=FFFFFF","Add","$2.97","current price $2.97","","San Daniele","San Daniele Gluten Free Sliced Mortadella, 175g","128","4.6328 out of 5 stars. 128 reviews","Free Delivery with","https://i5.walmartimages.com/dfw/3ccc2d91-49dd/k2-_2dc6530f-2ead-40b6-8ec8-fedc1c0c8978.v1.png","Pickup","today","Delivery","today"
"https://www.walmart.ca/en/ip/Sweet-Lorens-Gluten-Free-Vegan-Chocolate-Chunk-Cookie-Dough/43G9NDEWQJG8?classType=REGULAR&from=/search","Sweet Lorens Gluten Free Vegan Chocolate Chunk Cookie Dough, 340g","","https://i5.walmartimages.com/asr/104dcb45-0948-4cc4-a756-63aaa8fe45ed.3cb19565de9e4b049f8000e0840e898f.png?odnHeight=580&odnWidth=580&odnBg=FFFFFF","Add","$7.97","current price $7.97","","Sweet Loren's","Sweet Lorens Gluten Free Vegan Chocolate Chunk Cookie Dough, 340g","13","4.9231 out of 5 stars. 13 reviews","Free Delivery with","https://i5.walmartimages.com/dfw/3ccc2d91-49dd/k2-_2dc6530f-2ead-40b6-8ec8-fedc1c0c8978.v1.png","Pickup","today","Delivery","today"
"https://www.walmart.ca/en/ip/Carbonaut-Gluten-Free-White-Bread-Keto-Vegan-Kosher-Non-GMO-low-Carb-Sugar-Free-550-g/2MG7KXJOFY9D?classType=REGULAR&from=/search","Carbonaut - Gluten Free White Bread,  Keto,  Vegan, Kosher, Non-GMO,  low-Carb, Sugar Free, 550 g, GF WHITE BREAD","","https://i5.walmartimages.com/asr/2cc9f427-1e15-478a-8fe0-ef0617307b2d.b3e967fb91ef4f7ed16281c3b8b8c812.jpeg?odnHeight=580&odnWidth=580&odnBg=FFFFFF","Add","$9.97","current price $9.97","$1.81/100g","Carbonaut","Carbonaut - Gluten Free White Bread,  Keto,  Vegan, Kosher, Non-GMO,  low-Carb, Sugar Free, 550 g, GF WHITE BREAD","10","3 out of 5 stars. 10 reviews","Free Delivery with","https://i5.walmartimages.com/dfw/3ccc2d91-49dd/k2-_2dc6530f-2ead-40b6-8ec8-fedc1c0c8978.v1.png","Pickup","today","Delivery","today"
"https://www.walmart.ca/en/ip/mastro-gluten-free-genoa-sliced-salami/6000196927810?classType=REGULAR&athbdg=L3048&from=/search","Mastro Gluten Free Genoa Sliced Salami, 100 g","Made In Canada","https://i5.walmartimages.com/asr/cbba0444-d761-4314-b3a3-5058cdfc45ff.989cf3fc9f53ef8a794fe46b5798306c.jpeg?odnHeight=580&odnWidth=580&odnBg=FFFFFF","Add","$4.38","current price $4.38","$4.38/100g","Mastro","Mastro Gluten Free Genoa Sliced Salami, 100 g","109","4.5872 out of 5 stars. 109 reviews","Free Delivery with","https://i5.walmartimages.com/dfw/3ccc2d91-49dd/k2-_2dc6530f-2ead-40b6-8ec8-fedc1c0c8978.v1.png","Pickup","today","Delivery","today"
"https://www.walmart.ca/en/ip/pillers-turkey-bites-gluten-free-original-smoked-turkey-sausage/10298453?classType=REGULAR&athbdg=L3048&from=/search","Piller's Turkey Bites® Gluten Free Original Smoked Turkey Sausage, 300 g","Made In Canada","https://i5.walmartimages.com/asr/3e77a94f-386b-4ac2-99b7-f13bc484cb69.8e9a1b5f603215eed11afd68d2722c3d.jpeg?odnHeight=580&odnWidth=580&odnBg=FFFFFF","Add","$10.97","current price $10.97","","Piller's","Piller's Turkey Bites® Gluten Free Original Smoked Turkey Sausage, 300 g","156","4.4679 out of 5 stars. 156 reviews","Free Delivery with","https://i5.walmartimages.com/dfw/3ccc2d91-49dd/k2-_2dc6530f-2ead-40b6-8ec8-fedc1c0c8978.v1.png","Pickup","today","Delivery","today"
"https://www.walmart.ca/en/ip/Nature-s-Path-Gluten-Free-Crunchy-Vanilla-Sunrise-Organic-Cereal/10231882?classType=VARIANT&athbdg=L3033&from=/search","Nature's Path Gluten Free Crunchy Vanilla Sunrise Organic Cereal, Gluten Free Crunchy Vanilla","2 for $8","https://i5.walmartimages.com/asr/65f80fbf-5e53-470c-b059-53599df75589.a77c31c152addfbb5f0ac335172e14a5.jpeg?odnHeight=580&odnWidth=580&odnBg=FFFFFF","","$5.77","current price $5.77","$1.92/100g","Nature's Path","Nature's Path Gluten Free Crunchy Vanilla Sunrise Organic Cereal, Gluten Free Crunchy Vanilla","61","4.4918 out of 5 stars. 61 reviews","Free Delivery with","https://i5.walmartimages.com/dfw/3ccc2d91-49dd/k2-_2dc6530f-2ead-40b6-8ec8-fedc1c0c8978.v1.png","Pickup","today","Delivery","today"
"https://www.walmart.ca/en/ip/Nature-s-Path-Envirokidz-Gluten-Free-Panda-Puffs-Organic-Cereal/10231987?classType=REGULAR&athbdg=L3033&from=/search","Nature's Path Envirokidz Gluten Free Panda Puffs Organic Cereal, Envirokidz Panda Puffs","2 for $8","https://i5.walmartimages.com/asr/eeebb16e-63c2-4d94-8fbf-b4c9fba542f5.084df82231ffa410bb88ddad5a8dd7b3.jpeg?odnHeight=580&odnWidth=580&odnBg=FFFFFF","Add","$4.97","current price $4.97","$1.66/100g","Nature's Path","Nature's Path Envirokidz Gluten Free Panda Puffs Organic Cereal, Envirokidz Panda Puffs","111","4.3964 out of 5 stars. 111 reviews","Free Delivery with","https://i5.walmartimages.com/dfw/3ccc2d91-49dd/k2-_2dc6530f-2ead-40b6-8ec8-fedc1c0c8978.v1.png","Pickup","today","Delivery","today"
"https://www.walmart.ca/en/ip/Larabar-Gluten-Free-Coconut-Cream/6000196040944?classType=REGULAR&from=/search","Larabar Gluten Free Coconut Cream, 5 bars x 48 g, 240 g","","https://i5.walmartimages.com/asr/0bbafa68-295d-4fc6-a9fc-1f7a60e8b483.ca2691da8fafd17a6cc61f6a8bb53edb.jpeg?odnHeight=580&odnWidth=580&odnBg=FFFFFF","Add","$6.47","current price $6.47","$2.70/100g","LARABAR","Larabar Gluten Free Coconut Cream, 5 bars x 48 g, 240 g","22","4.2727 out of 5 stars. 22 reviews","Free Delivery with","https://i5.walmartimages.com/dfw/3ccc2d91-49dd/k2-_2dc6530f-2ead-40b6-8ec8-fedc1c0c8978.v1.png","Pickup","today","Delivery","in 2 days"
"https://www.walmart.ca/en/ip/schr-gluten-free-hamburger-buns/6000206007602?classType=REGULAR&from=/search","Schär Gluten-Free Hamburger Buns, 300 g","","https://i5.walmartimages.ca/images/Enlarge/280/373/6000206280373.jpg?odnHeight=580&odnWidth=580&odnBg=FFFFFF","Add","$6.97","current price $6.97","$2.32/100g","Schar","Schär Gluten-Free Hamburger Buns, 300 g","18","3.8333 out of 5 stars. 18 reviews","Free Delivery with","https://i5.walmartimages.com/dfw/3ccc2d91-49dd/k2-_2dc6530f-2ead-40b6-8ec8-fedc1c0c8978.v1.png","Pickup","today","Delivery","today"
"https://www.walmart.ca/en/ip/Amy-s-Kitchen-Gluten-Free-Non-Dairy-Bean-Rice-Burrito/10299357?classType=REGULAR&athbdg=L1600&from=/search","Amy's Kitchen, Gluten Free, Non-Dairy Bean & Rice Burrito, 156g","Best seller","https://i5.walmartimages.com/asr/80b254e2-8b05-459f-a4db-eaf23414a2b3.5563551a39f9f0ee99f61c24749ca505.jpeg?odnHeight=580&odnWidth=580&odnBg=FFFFFF","Add","$5.47","current price $5.47","$3.51/100g","Amy's Kitchen","Amy's Kitchen, Gluten Free, Non-Dairy Bean & Rice Burrito, 156g","15","4.2 out of 5 stars. 15 reviews","Free Delivery with","https://i5.walmartimages.com/dfw/3ccc2d91-49dd/k2-_2dc6530f-2ead-40b6-8ec8-fedc1c0c8978.v1.png","Pickup","today","Delivery","today"
"https://www.walmart.ca/en/ip/Nature-s-Path-Gluten-Free-Crunchy-Maple-Sunrise-Organic-Cereal/10231821?classType=REGULAR&athbdg=L3033&from=/search","Nature's Path Gluten Free Crunchy Maple Sunrise Organic Cereal, 300 g","2 for $8","https://i5.walmartimages.com/asr/3314b7ef-4baf-4d7b-904a-08fb82c2d48f.c9d42cd2a83cfe87030c21a729da5e21.jpeg?odnHeight=580&odnWidth=580&odnBg=FFFFFF","Add","$5.77","current price $5.77","$1.92/100g","Nature's Path","Nature's Path Gluten Free Crunchy Maple Sunrise Organic Cereal, 300 g","44","4.5455 out of 5 stars. 44 reviews","Free Delivery with","https://i5.walmartimages.com/dfw/3ccc2d91-49dd/k2-_2dc6530f-2ead-40b6-8ec8-fedc1c0c8978.v1.png","Pickup","today","Delivery","today"
"https://www.walmart.ca/en/ip/schr-gluten-free-baguette/1Y22E72YJ4MP?classType=REGULAR&from=/search","Schär Gluten-Free Baguette, 350 g","","https://i5.walmartimages.ca/images/Enlarge/133/775/6000206133775.jpg?odnHeight=580&odnWidth=580&odnBg=FFFFFF","Add","$7.97","current price $7.97","$2.28/100g","Schar","Schär Gluten-Free Baguette, 350 g","27","4.8519 out of 5 stars. 27 reviews","Free Delivery with","https://i5.walmartimages.com/dfw/3ccc2d91-49dd/k2-_2dc6530f-2ead-40b6-8ec8-fedc1c0c8978.v1.png","Pickup","today","Delivery","today"
"https://www.walmart.ca/en/ip/Nature-s-Path-EnviroKidz-Gluten-Free-Leapin-Lemurs-Peanut-Butter-And-Chocolate-Cereal/10231790?classType=REGULAR&athbdg=L3033&from=/search","Nature's Path EnviroKidz Gluten Free Leapin' Lemurs Peanut Butter And Chocolate Cereal, Envirokidz Leapin' Lemurs","2 for $8","https://i5.walmartimages.com/asr/3d7dd6b9-25c4-4b53-9c94-390baae29d13.b889f3fe653ba04178d179ca22bd0c1f.jpeg?odnHeight=580&odnWidth=580&odnBg=FFFFFF","Add","$4.97","current price $4.97","$1.75/100g","Nature's Path","Nature's Path EnviroKidz Gluten Free Leapin' Lemurs Peanut Butter And Chocolate Cereal, Envirokidz Leapin' Lemurs","21","4.8571 out of 5 stars. 21 reviews","Free Delivery with","https://i5.walmartimages.com/dfw/3ccc2d91-49dd/k2-_2dc6530f-2ead-40b6-8ec8-fedc1c0c8978.v1.png","Pickup","today","Delivery","today"
"https://www.walmart.ca/en/ip/Annie-s-Homegrown-Macaroni-Cheese-Gluten-Free-Rice-Pasta-Cheddar/6000188767140?classType=REGULAR&athbdg=L1300&from=/search","Annie's Homegrown Macaroni & Cheese Gluten Free Rice Pasta & Cheddar, 57 g","Rollback","https://i5.walmartimages.com/asr/dd10fc24-9b15-4844-9348-0924f71c6b63.2b406d85172e5a44c30d7555e12b65f9.jpeg?odnHeight=580&odnWidth=580&odnBg=FFFFFF","Add","Now $1.97","current price Now $1.97","$3.46/100g","Annie’s","Annie's Homegrown Macaroni & Cheese Gluten Free Rice Pasta & Cheddar, 57 g","15","4.3333 out of 5 stars. 15 reviews","Free Delivery with","https://i5.walmartimages.com/dfw/3ccc2d91-49dd/k2-_2dc6530f-2ead-40b6-8ec8-fedc1c0c8978.v1.png","Pickup","today","Delivery","today"
"https://www.walmart.ca/en/ip/Harvest-Snaps-Snack-Crisps-Original-94g/6000196059891?classType=REGULAR&athbdg=L1600&from=/search","Harvest Snaps® Snack Crisps Original 94g, Harvest Snaps Baked Green Pea Snacks, Original, Gluten Free Veggie Crisps Original 94g","Best seller","https://i5.walmartimages.com/asr/877c388b-1e0f-4beb-83bb-1c01ba2435b9.c92afba98c409543a6cf33adc1f833b0.jpeg?odnHeight=580&odnWidth=580&odnBg=FFFFFF","Add","$3.28","current price $3.28","$3.86/100g","Harvest Snaps®","Harvest Snaps® Snack Crisps Original 94g, Harvest Snaps Baked Green Pea Snacks, Original, Gluten Free Veggie Crisps Original 94g","72","4.4306 out of 5 stars. 72 reviews","Free Delivery with","https://i5.walmartimages.com/dfw/3ccc2d91-49dd/k2-_2dc6530f-2ead-40b6-8ec8-fedc1c0c8978.v1.png","Pickup","today","Delivery","today"
"https://www.walmart.ca/en/ip/Dr-Oetker-Ristorante-Gluten-Lactose-Free-Mozzarella-Pizza/6000197759951?classType=REGULAR&from=/search","Dr. Oetker Ristorante Gluten & Lactose Free Mozzarella Pizza, 370 g","","https://i5.walmartimages.com/asr/4af65b42-0b98-49e0-9b23-e5249d829983.935d30c849fb75e58415c0cd4bda9666.jpeg?odnHeight=580&odnWidth=580&odnBg=FFFFFF","Add","$9.48","current price $9.48","$63.20/100g","Dr. Oetker","Dr. Oetker Ristorante Gluten & Lactose Free Mozzarella Pizza, 370 g","485","4.5691 out of 5 stars. 485 reviews","Free Delivery with","https://i5.walmartimages.com/dfw/3ccc2d91-49dd/k2-_2dc6530f-2ead-40b6-8ec8-fedc1c0c8978.v1.png","Pickup","today","Delivery","today"
"https://www.walmart.ca/en/ip/Orville-Redenbacher-Popcorn-Microwave-Extra-Buttery-6-Bags/10251500?classType=REGULAR&athbdg=L3033&from=/search","Orville Redenbacher Popcorn - Microwave Extra Buttery - 6 Bags, Non-GMO, whole grain microwave popcorn with a high source of fibre and gluten free","2 for $8","https://i5.walmartimages.com/asr/3c05a5f9-9f6c-478e-983f-98236a970796.7941ef869f6d083ff5fc34a178ff4737.jpeg?odnHeight=580&odnWidth=580&odnBg=FFFFFF","Add","$5.47","current price $5.47","$1.11/100g","Orville Redenbacher's","Orville Redenbacher Popcorn - Microwave Extra Buttery - 6 Bags, Non-GMO, whole grain microwave popcorn with a high source of fibre and gluten free","532","4.7406 out of 5 stars. 532 reviews","Free Delivery with","https://i5.walmartimages.com/dfw/3ccc2d91-49dd/k2-_2dc6530f-2ead-40b6-8ec8-fedc1c0c8978.v1.png","Pickup","today","Delivery","today"
"https://www.walmart.ca/en/ip/Club-House-Dry-Sauce-Seasoning-Marinade-Mix-Brown-Gravy-Gluten-Free/10270066?classType=REGULAR&athbdg=L3033&from=/search","Club House, Dry Sauce/Seasoning/Marinade Mix, Brown Gravy, Gluten-Free, 25g","5 for $5","https://i5.walmartimages.com/asr/366e48f3-7bcf-41b6-ac04-ddc0c577b9ba.5be4335dbc923ae2082dfe6a1b337d99.jpeg?odnHeight=580&odnWidth=580&odnBg=FFFFFF","Add","$1.27","current price $1.27","$5.08/100g","CLUB HOUSE","Club House, Dry Sauce/Seasoning/Marinade Mix, Brown Gravy, Gluten-Free, 25g","68","4.6912 out of 5 stars. 68 reviews","Free Delivery with","https://i5.walmartimages.com/dfw/3ccc2d91-49dd/k2-_2dc6530f-2ead-40b6-8ec8-fedc1c0c8978.v1.png","Pickup","today","Delivery","today"
"https://www.walmart.ca/en/ip/promise-gluten-free-multigrain-loaf/2V7RNH9KCZL3?classType=REGULAR&from=/search","Promise Gluten Free Multigrain Loaf, 480 g","","https://i5.walmartimages.ca/images/Enlarge/991/876/6000207991876.jpg?odnHeight=580&odnWidth=580&odnBg=FFFFFF","Add","$7.97","current price $7.97","","Promise","Promise Gluten Free Multigrain Loaf, 480 g","6","5 out of 5 stars. 6 reviews","Free Delivery with","https://i5.walmartimages.com/dfw/3ccc2d91-49dd/k2-_2dc6530f-2ead-40b6-8ec8-fedc1c0c8978.v1.png","Pickup","today","Delivery","today"
"https://www.walmart.ca/en/ip/old-dutch-saltn-vinegar/6000197102572?classType=REGULAR&athbdg=L3048&from=/search","Old Dutch Salt'n Vinegar, Gluten Free Potato Chips","Made In Canada","https://i5.walmartimages.ca/images/Enlarge/124/591/6000202124591.jpg?odnHeight=580&odnWidth=580&odnBg=FFFFFF","Add","$1.68","current price $1.68","$2.55/100g","Old Dutch","Old Dutch Salt'n Vinegar, Gluten Free Potato Chips","4","2.25 out of 5 stars. 4 reviews","Free Delivery with","https://i5.walmartimages.com/dfw/3ccc2d91-49dd/k2-_2dc6530f-2ead-40b6-8ec8-fedc1c0c8978.v1.png","Pickup","today","Delivery","today"
"https://www.walmart.ca/en/ip/Amy-s-Kitchen-Gluten-Free-Rice-Mac-Cheese/6000197072563?classType=REGULAR&from=/search","Amy's Kitchen, Gluten Free Rice Mac & Cheese, Gluten Free Rice Mac & Cheese","","https://i5.walmartimages.com/asr/a0a69c53-28ac-4bf4-9ba5-21f125b1d5b8.7d525c2c3deb7d5cc3cbe25f1720330c.jpeg?odnHeight=580&odnWidth=580&odnBg=FFFFFF","Add","$7.47","current price $7.47","","Amy's Kitchen","Amy's Kitchen, Gluten Free Rice Mac & Cheese, Gluten Free Rice Mac & Cheese","21","4.7619 out of 5 stars. 21 reviews","Free Delivery with","https://i5.walmartimages.com/dfw/3ccc2d91-49dd/k2-_2dc6530f-2ead-40b6-8ec8-fedc1c0c8978.v1.png","Pickup","today","Delivery","today"
"https://www.walmart.ca/en/ip/Sweet-Lorens-Gluten-Free-Fudgey-Brownie-Cookie-Dough/50OO3QAKY4V4?classType=REGULAR&from=/search","Sweet Lorens Gluten Free Fudgey Brownie Cookie Dough, 340g","","https://i5.walmartimages.com/asr/dd3f7990-9c65-4b20-8b58-0769977ccab6.9c7b383b5fc43207f0cb966ce1d10421.png?odnHeight=580&odnWidth=580&odnBg=FFFFFF","Add","$7.97","current price $7.97","","Sweet Loren's","Sweet Lorens Gluten Free Fudgey Brownie Cookie Dough, 340g","15","4.8667 out of 5 stars. 15 reviews","Free Delivery with","https://i5.walmartimages.com/dfw/3ccc2d91-49dd/k2-_2dc6530f-2ead-40b6-8ec8-fedc1c0c8978.v1.png","Pickup","today","Delivery","today"
"https://www.walmart.ca/en/ip/mastro-gluten-free-sopressata-salami/6000196927562?classType=REGULAR&athbdg=L3048&from=/search","Mastro Gluten Free Sopressata Salami, 300 g","Made In Canada","https://i5.walmartimages.ca/images/Enlarge/206/780/999999-60085206780.jpg?odnHeight=580&odnWidth=580&odnBg=FFFFFF","Add","$7.97","current price $7.97","$2.66/100g","Mastro","Mastro Gluten Free Sopressata Salami, 300 g","7","3.2857 out of 5 stars. 7 reviews","Free Delivery with","https://i5.walmartimages.com/dfw/3ccc2d91-49dd/k2-_2dc6530f-2ead-40b6-8ec8-fedc1c0c8978.v1.png","Pickup","today","Delivery","today"
"https://www.walmart.ca/en/ip/Little-Northern-Bakehouse-Wide-Sliced-White-Gluten-Free-Bread-Vegan-Non-GMO-Allergy-Friendly-Food-Meals-Snacks-Whole-Grain/4FRW1Y61FG6E?classType=REGULAR&athbdg=L1600&from=/search","Little Northern Bakehouse Wide Sliced White Gluten Free Bread, Vegan Bread, Non-GMO and Allergy-Friendly, Gluten Free Food, Meals, Snacks - Wide Sliced Whole Grain, 570g","Best seller","https://i5.walmartimages.com/asr/bc841cfe-3746-427f-bed7-e6742dc56996.65fd8a0b797e0f84cd8a90b1f65dbdf0.jpeg?odnHeight=580&odnWidth=580&odnBg=FFFFFF","Add","$8.17","current price $8.17","$1.44/100g","Little Northern Bakehouse","Little Northern Bakehouse Wide Sliced White Gluten Free Bread, Vegan Bread, Non-GMO and Allergy-Friendly, Gluten Free Food, Meals, Snacks - Wide Sliced Whole Grain, 570g","33","4.0909 out of 5 stars. 33 reviews","Free Delivery with","https://i5.walmartimages.com/dfw/3ccc2d91-49dd/k2-_2dc6530f-2ead-40b6-8ec8-fedc1c0c8978.v1.png","Pickup","today","Delivery","today"
"https://www.walmart.ca/en/ip/KEG-BLUE-CHEESE-DRESSING-GLUTEN-FREE-475-ML/6000199947352?classType=REGULAR&from=/search","KEG - BLUE CHEESE DRESSING GLUTEN FREE 475 ML, KEG - BLUE CHEESE DRESSING GLUTEN FREE 475 ML","","https://i5.walmartimages.com/asr/5d0d464a-f39c-4838-965a-125ffd41e5cf.8b7e3605274e16b180c12cdbaeb9cbc8.jpeg?odnHeight=580&odnWidth=580&odnBg=FFFFFF","Add","$4.27","current price $4.27","","Keg Steakhouse & Bar","KEG - BLUE CHEESE DRESSING GLUTEN FREE 475 ML, KEG - BLUE CHEESE DRESSING GLUTEN FREE 475 ML","38","4.4211 out of 5 stars. 38 reviews","Free Delivery with","https://i5.walmartimages.com/dfw/3ccc2d91-49dd/k2-_2dc6530f-2ead-40b6-8ec8-fedc1c0c8978.v1.png","Pickup","today","Delivery","today"
"https://www.walmart.ca/en/ip/Club-House-Dry-Sauce-Seasoning-Marinade-Mix-Poutine-Gravy-Salt-Free-Gluten-Free/6000194401554?classType=REGULAR&athbdg=L3033&from=/search","Club House, Dry Sauce/Seasoning/Marinade Mix, Poutine Gravy, Salt-Free, Gluten Free, 42g","5 for $5","https://i5.walmartimages.com/asr/937b5479-7987-407b-9044-c3b0e3ba409a.e03a3c6dbf7fb660e58ff1d6951e08c9.jpeg?odnHeight=580&odnWidth=580&odnBg=FFFFFF","Add","$1.27","current price $1.27","$3.02/100g","CLUB HOUSE","Club House, Dry Sauce/Seasoning/Marinade Mix, Poutine Gravy, Salt-Free, Gluten Free, 42g","306","4.6176 out of 5 stars. 306 reviews","Free Delivery with","https://i5.walmartimages.com/dfw/3ccc2d91-49dd/k2-_2dc6530f-2ead-40b6-8ec8-fedc1c0c8978.v1.png","Pickup","today","Delivery","today"
"https://www.walmart.ca/en/ip/grimms-honey-garlic-pepperoni-bites/6000195994400?classType=REGULAR&athbdg=L3048&from=/search","Grimm's Honey Garlic Pepperoni Bites, 375g, Gluten & Lactose Free","Made In Canada","https://i5.walmartimages.com/asr/23a5039a-22e5-4e9d-99d7-4c368d7148f0.b77fef43f1ecf0487d67704be6b6d45b.jpeg?odnHeight=580&odnWidth=580&odnBg=FFFFFF","Add","$9.97","current price $9.97","$2.66/100g","Grimm's","Grimm's Honey Garlic Pepperoni Bites, 375g, Gluten & Lactose Free","43","4.5116 out of 5 stars. 43 reviews","Free Delivery with","https://i5.walmartimages.com/dfw/3ccc2d91-49dd/k2-_2dc6530f-2ead-40b6-8ec8-fedc1c0c8978.v1.png","Pickup","today","Delivery","today"
"https://www.walmart.ca/en/ip/Fruit-Gushers-by-Betty-Crocker-Gluten-Free-Gushin-Grape-and-Tropical-Flavours/10281439?classType=REGULAR&athbdg=L3033&from=/search","Fruit Gushers by Betty Crocker Gluten Free Gushin' Grape and Tropical Flavours, 6 pouches,138 g","3 for $8","https://i5.walmartimages.com/asr/26ad0c8e-5e76-41d6-9361-886bfa6c1e62.88912014897d741941b5acb1e7b037f2.jpeg?odnHeight=580&odnWidth=580&odnBg=FFFFFF","Add","$2.97","current price $2.97","","Fruit Gushers by Betty Crocker","Fruit Gushers by Betty Crocker Gluten Free Gushin' Grape and Tropical Flavours, 6 pouches,138 g","30","4.6333 out of 5 stars. 30 reviews","Free Delivery with","https://i5.walmartimages.com/dfw/3ccc2d91-49dd/k2-_2dc6530f-2ead-40b6-8ec8-fedc1c0c8978.v1.png","Pickup","today","Delivery","today"
"https://www.walmart.ca/en/ip/pillers-original-gluten-free-pepperoni-meat-snacks/10134838?classType=REGULAR&athbdg=L3048&from=/search","Piller's Original Gluten Free Pepperoni Meat Snacks, 500 g","Made In Canada","https://i5.walmartimages.com/asr/4a7d01d6-86c8-4f19-8587-305310ca9e0f.8e3762ae4f194290a9f629b5f6fc5b1b.jpeg?odnHeight=580&odnWidth=580&odnBg=FFFFFF","Add","$10.97","current price $10.97","","Piller's","Piller's Original Gluten Free Pepperoni Meat Snacks, 500 g","121","4.7107 out of 5 stars. 121 reviews","Free Delivery with","https://i5.walmartimages.com/dfw/3ccc2d91-49dd/k2-_2dc6530f-2ead-40b6-8ec8-fedc1c0c8978.v1.png","Pickup","today","Delivery","today"
"https://www.walmart.ca/en/ip/KEG-CEASAR-DRESSING-GLUTEN-FREE-1L/6000188767051?classType=REGULAR&from=/search","KEG - CEASAR DRESSING GLUTEN FREE 1L, KEG - CEASAR DRESSING GLUTEN FREE 1L","","https://i5.walmartimages.com/asr/33845f47-7d32-4140-9f91-9563a97e84fc.0e8770da5cfdb19b7e9a57146112bc4a.jpeg?odnHeight=580&odnWidth=580&odnBg=FFFFFF","Add","$7.97","current price $7.97","","Keg Steakhouse & Bar","KEG - CEASAR DRESSING GLUTEN FREE 1L, KEG - CEASAR DRESSING GLUTEN FREE 1L","43","4.5349 out of 5 stars. 43 reviews","Free Delivery with","https://i5.walmartimages.com/dfw/3ccc2d91-49dd/k2-_2dc6530f-2ead-40b6-8ec8-fedc1c0c8978.v1.png","Delivery","today","",""
"https://www.walmart.ca/en/ip/promise-gluten-free-soft-white-bread-loaf/6000207576120?classType=REGULAR&athbdg=L1600&from=/search","Promise Gluten Free Soft White Bread Loaf, 480 g","Best seller","https://i5.walmartimages.ca/images/Enlarge/992/094/6000207992094.jpg?odnHeight=580&odnWidth=580&odnBg=FFFFFF","Add","$7.97","current price $7.97","$1.66/100g","Promise","Promise Gluten Free Soft White Bread Loaf, 480 g","46","4.5 out of 5 stars. 46 reviews","Free Delivery with","https://i5.walmartimages.com/dfw/3ccc2d91-49dd/k2-_2dc6530f-2ead-40b6-8ec8-fedc1c0c8978.v1.png","Pickup","today","Delivery","today"
"https://www.walmart.ca/en/ip/Orville-Redenbacher-Extra-Buttery-Microwave-Popcorn-18-Bags/6OOE16OS7HM0?classType=REGULAR&athbdg=L1600&from=/search","Orville Redenbacher Extra Buttery Microwave Popcorn - 18 Bags, Non-GMO, whole grain microwave popcorn with a high source of fiber and gluten free","Best seller","https://i5.walmartimages.com/asr/5c6ff5f8-f5a6-47d0-a988-4dc85b226978.7a8551b7ed41721cc9b766ee6634501d.jpeg?odnHeight=580&odnWidth=580&odnBg=FFFFFF","Add","$11.97","current price $11.97","","Orville Redenbacher's","Orville Redenbacher Extra Buttery Microwave Popcorn - 18 Bags, Non-GMO, whole grain microwave popcorn with a high source of fiber and gluten free","118","4.6525 out of 5 stars. 118 reviews","Free Delivery with","https://i5.walmartimages.com/dfw/3ccc2d91-49dd/k2-_2dc6530f-2ead-40b6-8ec8-fedc1c0c8978.v1.png","Pickup","today","Delivery","today"
"https://www.walmart.ca/en/ip/Betty-Crocker-Gluten-Free-Scooby-Doo-Fruit-Flavoured-Snacks/10284467?classType=REGULAR&from=/search","Betty Crocker Gluten Free Scooby-Doo Fruit Flavoured Snacks, 10 pouches, 226 g","","https://i5.walmartimages.com/asr/9c33553a-f5c1-4203-9cb6-a1b61f6759b1.7f2dee1fbf35832620760584027891be.jpeg?odnHeight=580&odnWidth=580&odnBg=FFFFFF","Add","$2.97","current price $2.97","$1.31/100g","Betty Crocker","Betty Crocker Gluten Free Scooby-Doo Fruit Flavoured Snacks, 10 pouches, 226 g","80","4.6625 out of 5 stars. 80 reviews","Free Delivery with","https://i5.walmartimages.com/dfw/3ccc2d91-49dd/k2-_2dc6530f-2ead-40b6-8ec8-fedc1c0c8978.v1.png","Pickup","today","Delivery","today"
"https://www.walmart.ca/en/ip/Club-House-Dry-Sauce-Seasoning-Marinade-Mix-Chicken-Gravy-Gluten-Free/6000188768758?classType=REGULAR&athbdg=L3033&from=/search","Club House, Dry Sauce/Seasoning/Marinade Mix, Chicken Gravy, Gluten-Free, 25g","5 for $5","https://i5.walmartimages.com/asr/9ed384a6-ad3a-4cac-9b37-b4dee8ea3365.400f5f957a5fc8a8a7a92917c00bc684.jpeg?odnHeight=580&odnWidth=580&odnBg=FFFFFF","Add","$1.27","current price $1.27","$5.08/100g","CLUB HOUSE","Club House, Dry Sauce/Seasoning/Marinade Mix, Chicken Gravy, Gluten-Free, 25g","21","4.5714 out of 5 stars. 21 reviews","Free Delivery with","https://i5.walmartimages.com/dfw/3ccc2d91-49dd/k2-_2dc6530f-2ead-40b6-8ec8-fedc1c0c8978.v1.png","Pickup","today","Delivery","today"
"https://www.walmart.ca/en/ip/Fruit-Roll-Ups-Fruit-Flavoured-Snacks-Tropical-TiDye-Gluten-Free-10-ct/6000197081366?classType=REGULAR&athbdg=L3033&from=/search","Fruit Roll-Ups Fruit Flavoured Snacks, Tropical TiDye, Gluten Free, 10 ct, 10 rolls, 141 g","3 for $8","https://i5.walmartimages.com/asr/af0d3095-1b42-404e-a343-cae6666273cb.80534b9aa8fcb3424a8f7ada7543ab9d.jpeg?odnHeight=580&odnWidth=580&odnBg=FFFFFF","Add","$2.97","current price $2.97","$2.11/100g","Betty Crocker","Fruit Roll-Ups Fruit Flavoured Snacks, Tropical TiDye, Gluten Free, 10 ct, 10 rolls, 141 g","74","4.4189 out of 5 stars. 74 reviews","Free Delivery with","https://i5.walmartimages.com/dfw/3ccc2d91-49dd/k2-_2dc6530f-2ead-40b6-8ec8-fedc1c0c8978.v1.png","Pickup","today","Delivery","today"
"https://www.walmart.ca/en/ip/Club-House-Dry-Sauce-Seasoning-Marinade-Mix-Turkey-Gravy-Gluten-Free/10270048?classType=REGULAR&athbdg=L3033&from=/search","Club House, Dry Sauce/Seasoning/Marinade Mix, Turkey Gravy, Gluten-Free, 25g","5 for $5","https://i5.walmartimages.com/asr/96a6cfe9-2b31-410c-bcdf-4a7dc68b7002.b829aae869692cd68f955275973238e8.jpeg?odnHeight=580&odnWidth=580&odnBg=FFFFFF","Add","$1.27","current price $1.27","$5.08/100g","CLUB HOUSE","Club House, Dry Sauce/Seasoning/Marinade Mix, Turkey Gravy, Gluten-Free, 25g","81","4.7901 out of 5 stars. 81 reviews","Free Delivery with","https://i5.walmartimages.com/dfw/3ccc2d91-49dd/k2-_2dc6530f-2ead-40b6-8ec8-fedc1c0c8978.v1.png","Pickup","today","Delivery","today"
"https://www.walmart.ca/en/ip/Orville-Redenbacher-Buttery-Microwave-Popcorn-18-bags/5Y8T5GR4Q78P?classType=REGULAR&from=/search","Orville Redenbacher Buttery Microwave Popcorn - 18 bags, Non-GMO, whole grain microwave popcorn with a high source of fibre and gluten free","","https://i5.walmartimages.com/asr/d1c27259-a5fa-431e-b7d3-af289317443d.4ff54dbd27d794b635e435072ead8a2b.jpeg?odnHeight=580&odnWidth=580&odnBg=FFFFFF","Add","$11.97","current price $11.97","","Orville Redenbacher's","Orville Redenbacher Buttery Microwave Popcorn - 18 bags, Non-GMO, whole grain microwave popcorn with a high source of fibre and gluten free","62","4.7903 out of 5 stars. 62 reviews","Free Delivery with","https://i5.walmartimages.com/dfw/3ccc2d91-49dd/k2-_2dc6530f-2ead-40b6-8ec8-fedc1c0c8978.v1.png","Pickup","today","Delivery","today"
"https://www.walmart.ca/en/ip/Little-Northern-Bakehouse-Gluten-Free-Seeds-and-Grains/6000200001520?classType=REGULAR&athbdg=L1600&from=/search","Little Northern Bakehouse Gluten Free Seeds and Grains, LNB Seeds & Grains GF Non GMO","Best seller","https://i5.walmartimages.com/asr/440b2afe-b95b-4c2e-9c26-456bd6032f8f.705bfdd42542d3bac78d9a15659c7681.jpeg?odnHeight=580&odnWidth=580&odnBg=FFFFFF","Add","$8.27","current price $8.27","$1.72/100g","Little Northern Bakehouse","Little Northern Bakehouse Gluten Free Seeds and Grains, LNB Seeds & Grains GF Non GMO","143","4.2378 out of 5 stars. 143 reviews","Free Delivery with","https://i5.walmartimages.com/dfw/3ccc2d91-49dd/k2-_2dc6530f-2ead-40b6-8ec8-fedc1c0c8978.v1.png","Pickup","today","Delivery","today"
"https://www.walmart.ca/en/ip/Fruit-Gushers-by-Betty-Crocker-Gluten-Free-Variety-Pack/7GPOQL13VXJ7?classType=REGULAR&athbdg=L1600&from=/search","Fruit Gushers by Betty Crocker Gluten Free Variety Pack, 368 g","Best seller","https://i5.walmartimages.com/asr/ddb367eb-a1c5-465f-8a89-8182fa23ebbf.203e78d6cdd45a13330286e1653ad934.jpeg?odnHeight=580&odnWidth=580&odnBg=FFFFFF","Add","$6.77","current price $6.77","","Betty Crocker","Fruit Gushers by Betty Crocker Gluten Free Variety Pack, 368 g","39","4.5128 out of 5 stars. 39 reviews","Free Delivery with","https://i5.walmartimages.com/dfw/3ccc2d91-49dd/k2-_2dc6530f-2ead-40b6-8ec8-fedc1c0c8978.v1.png","Pickup available","in 2 days","Delivery",""
"https://www.walmart.ca/en/ip/Fruit-By-The-Foot-by-Betty-Crocker-Gluten-Free-Variety-Pack/3TQUAATXJOTW?classType=REGULAR&athbdg=L1300&from=/search","Fruit By The Foot by Betty Crocker Gluten Free Variety Pack, 637 g","Rollback","https://i5.walmartimages.com/asr/0be89cc9-13ac-47a5-9a57-a90158c87c10.21bbfc08b4fa73cf1cad4ddccef0c13c.jpeg?odnHeight=580&odnWidth=580&odnBg=FFFFFF","Add","Now $9.47","current price Now $9.47","$1.49/100g","Fruit By The Foot by Betty Crocker","Fruit By The Foot by Betty Crocker Gluten Free Variety Pack, 637 g","85","4.5765 out of 5 stars. 85 reviews","Free Delivery with","https://i5.walmartimages.com/dfw/3ccc2d91-49dd/k2-_2dc6530f-2ead-40b6-8ec8-fedc1c0c8978.v1.png","Pickup","today","Delivery","today"
"https://www.walmart.ca/en/ip/Larabar-Gluten-Free-Peanut-Butter-Chocolate-Chip/6000196040938?classType=REGULAR&from=/search","Larabar Gluten Free Peanut Butter Chocolate Chip, 5 bars x 45 g, 225 g","","https://i5.walmartimages.com/asr/6fc8518e-5342-4ce4-ad8d-d034435608a1.9248c06d704e166bf4d48a9abe71c775.jpeg?odnHeight=580&odnWidth=580&odnBg=FFFFFF","Add","$6.47","current price $6.47","$2.88/100g","LARABAR","Larabar Gluten Free Peanut Butter Chocolate Chip, 5 bars x 45 g, 225 g","43","4.7674 out of 5 stars. 43 reviews","Free Delivery with","https://i5.walmartimages.com/dfw/3ccc2d91-49dd/k2-_2dc6530f-2ead-40b6-8ec8-fedc1c0c8978.v1.png","Pickup","today","Delivery","today"
"https://www.walmart.ca/en/ip/Robin-Hood-Gluten-Free-All-Purpose-Flour-Blend-907g/6000195572881?classType=REGULAR&from=/search","Robin Hood Gluten Free All Purpose Flour Blend 907g, 907 g","","https://i5.walmartimages.com/asr/eaaf0de6-42e7-4d50-886f-df585bed61d7.08b547f5e19ef08cf3d773c32e5e955b.jpeg?odnHeight=580&odnWidth=580&odnBg=FFFFFF","Add","$7.47","current price $7.47","82¢/100g","Robin Hood","Robin Hood Gluten Free All Purpose Flour Blend 907g, 907 g","143","4.1469 out of 5 stars. 143 reviews","Free Delivery with","https://i5.walmartimages.com/dfw/3ccc2d91-49dd/k2-_2dc6530f-2ead-40b6-8ec8-fedc1c0c8978.v1.png","Pickup","today","Delivery","today"
"https://www.walmart.ca/en/ip/promise-gluten-free-quinoa-chia-loaf/6000208799138?classType=REGULAR&from=/search","Promise Gluten Free Quinoa & Chia Loaf, 480 g","","https://i5.walmartimages.ca/images/Enlarge/879/172/6000208879172.jpg?odnHeight=580&odnWidth=580&odnBg=FFFFFF","Add","$7.97","current price $7.97","$1.66/100g","Promise","Promise Gluten Free Quinoa & Chia Loaf, 480 g","","","Free Delivery with","https://i5.walmartimages.com/dfw/3ccc2d91-49dd/k2-_2dc6530f-2ead-40b6-8ec8-fedc1c0c8978.v1.png","Pickup","today","Delivery","today"
"https://www.walmart.ca/en/ip/schr-gluten-free-artisan-baker-10-grains-seeds-bread/6000206008269?classType=REGULAR&from=/search","Schär Gluten-Free Artisan Baker 10 Grains & Seeds Bread, 400 g","","https://i5.walmartimages.ca/images/Enlarge/280/375/6000206280375.jpg?odnHeight=580&odnWidth=580&odnBg=FFFFFF","Add","$7.47","current price $7.47","$1.87/100g","Schar","Schär Gluten-Free Artisan Baker 10 Grains & Seeds Bread, 400 g","20","4.55 out of 5 stars. 20 reviews","Free Delivery with","https://i5.walmartimages.com/dfw/3ccc2d91-49dd/k2-_2dc6530f-2ead-40b6-8ec8-fedc1c0c8978.v1.png","Pickup","today","Delivery","today"
"https://www.walmart.ca/en/ip/schr-gluten-free-ciabatta/6000206007622?classType=REGULAR&from=/search","Schär Gluten-Free Ciabatta, 200 g","","https://i5.walmartimages.ca/images/Enlarge/393/114/6000207393114.jpg?odnHeight=580&odnWidth=580&odnBg=FFFFFF","Add","$7.97","current price $7.97","","Schar","Schär Gluten-Free Ciabatta, 200 g","14","4.8571 out of 5 stars. 14 reviews","Free Delivery with","https://i5.walmartimages.com/dfw/3ccc2d91-49dd/k2-_2dc6530f-2ead-40b6-8ec8-fedc1c0c8978.v1.png","Pickup","today","Delivery","today"
"https://www.walmart.ca/en/ip/schr-gluten-free-artisan-baker-multigrain-bread/6000206008134?classType=REGULAR&from=/search","Schär Gluten-Free Artisan Baker Multigrain Bread, 400 g","","https://i5.walmartimages.ca/images/Enlarge/280/369/6000206280369.jpg?odnHeight=580&odnWidth=580&odnBg=FFFFFF","Add","$7.47","current price $7.47","$1.87/100g","Schar","Schär Gluten-Free Artisan Baker Multigrain Bread, 400 g","19","4.4211 out of 5 stars. 19 reviews","Free Delivery with","https://i5.walmartimages.com/dfw/3ccc2d91-49dd/k2-_2dc6530f-2ead-40b6-8ec8-fedc1c0c8978.v1.png","Pickup","today","Delivery","today"
"https://www.walmart.ca/en/ip/promise-gluten-free-wholesome-brown-loaf/6000208798955?classType=REGULAR&from=/search","Promise Gluten Free Wholesome Brown Loaf, 480 g","","https://i5.walmartimages.ca/images/Enlarge/879/180/6000208879180.jpg?odnHeight=580&odnWidth=580&odnBg=FFFFFF","Add","$7.97","current price $7.97","$1.66/100g","Promise","Promise Gluten Free Wholesome Brown Loaf, 480 g","1","5 out of 5 stars. 1 reviews","Free Delivery with","https://i5.walmartimages.com/dfw/3ccc2d91-49dd/k2-_2dc6530f-2ead-40b6-8ec8-fedc1c0c8978.v1.png","Pickup","today","Delivery","today"
"https://www.walmart.ca/en/ip/Little-Northern-Bakehouse-Gluten-Free-Cinnamon-Raisin-Bread/6000200001534?classType=REGULAR&from=/search","Little Northern Bakehouse Gluten Free Cinnamon Raisin Bread, LNB GF Cinnamon Raisin Bread","","https://i5.walmartimages.com/asr/d459a362-bfe3-48da-a193-b81895bea671.82255cddf0bd0256728279d73f2d954d.jpeg?odnHeight=580&odnWidth=580&odnBg=FFFFFF","Add","$8.27","current price $8.27","$1.72/100g","Little Northern Bakehouse","Little Northern Bakehouse Gluten Free Cinnamon Raisin Bread, LNB GF Cinnamon Raisin Bread","50","4.42 out of 5 stars. 50 reviews","Free Delivery with","https://i5.walmartimages.com/dfw/3ccc2d91-49dd/k2-_2dc6530f-2ead-40b6-8ec8-fedc1c0c8978.v1.png","Pickup","today","Delivery","today"
"https://www.walmart.ca/en/ip/P-A-N-Pre-Cooked-Yellow-Gluten-Free-Corn-Meal/6000188761817?classType=REGULAR&athbdg=L1102&from=/search","P.A.N. Pre-Cooked Yellow Gluten Free Corn Meal","200+ bought in past month","https://i5.walmartimages.com/asr/fb330a26-9377-47d0-80c2-b3e63b90713b.8e9eedfe93be4ab381357c0e79edee7a.jpeg?odnHeight=580&odnWidth=580&odnBg=FFFFFF","Add","$3.47","current price $3.47","35¢/100g","Rustica","P.A.N. Pre-Cooked Yellow Gluten Free Corn Meal","33","4.4242 out of 5 stars. 33 reviews","","","Delivery","today","",""
"https://www.walmart.ca/en/ip/Welch-s-Gluten-Free-Mixed-Fruit-Snacks/6000202972724?classType=REGULAR&athbdg=L1600&from=/search","Welch's Gluten Free Mixed Fruit Snacks, 28 count Mixed Fruit Fruit Snacks","Best seller","https://i5.walmartimages.com/asr/ee2cf954-8348-4bd4-a654-4b755a7e97c7.d1b44e82e28ff2835f04f58db6bf4a35.jpeg?odnHeight=580&odnWidth=580&odnBg=FFFFFF","Add","$8.47","current price $8.47","","Welch's","Welch's Gluten Free Mixed Fruit Snacks, 28 count Mixed Fruit Fruit Snacks","291","4.7595 out of 5 stars. 291 reviews","Free Delivery with","https://i5.walmartimages.com/dfw/3ccc2d91-49dd/k2-_2dc6530f-2ead-40b6-8ec8-fedc1c0c8978.v1.png","Pickup","today","Delivery","today"
"https://www.walmart.ca/en/ip/Quaker-Gluten-Free-Quick-Oats/6000196189292?classType=REGULAR&from=/search","Quaker Gluten-Free Quick Oats, 511g","","https://i5.walmartimages.com/asr/3a2d4ed1-0c0e-4f93-abbd-8bf14db74a9b.a5ba9c357f103ebaa0f4412f4ca31996.jpeg?odnHeight=580&odnWidth=580&odnBg=FFFFFF","Add","$3.97","current price $3.97","78¢/100g","Standard Quaker Oats","Quaker Gluten-Free Quick Oats, 511g","38","4.5526 out of 5 stars. 38 reviews","Free Delivery with","https://i5.walmartimages.com/dfw/3ccc2d91-49dd/k2-_2dc6530f-2ead-40b6-8ec8-fedc1c0c8978.v1.png","Pickup","today","Delivery","today"
"https://www.walmart.ca/en/ip/Grimm-s-Gluten-Free-Honey-Garlic-Mini-Pepperoni-Sticks/64A9PG90IJLT?classType=REGULAR&athbdg=L3048&from=/search","Grimm's (Gluten Free) Honey & Garlic Mini Pepperoni Sticks, No Refrigeration, 250g","Made In Canada","https://i5.walmartimages.com/asr/5d8e3672-f7f5-420e-b84f-f7cfccea1db7.f59ec76dc548703c25ad09187d8a6b0b.jpeg?odnHeight=580&odnWidth=580&odnBg=FFFFFF","Add","$8.77","current price $8.77","$3.51/100g","Grimm's","Grimm's (Gluten Free) Honey & Garlic Mini Pepperoni Sticks, No Refrigeration, 250g","24","3.875 out of 5 stars. 24 reviews","Free Delivery with","https://i5.walmartimages.com/dfw/3ccc2d91-49dd/k2-_2dc6530f-2ead-40b6-8ec8-fedc1c0c8978.v1.png","Pickup","today","Delivery","today"
"https://www.walmart.ca/en/ip/Grimm-s-Gluten-Free-Original-Mini-Pepperoni-Sticks/6EJRUMPJ8WYR?classType=REGULAR&athbdg=L3048&from=/search","Grimm's (Gluten Free) Original Mini Pepperoni Sticks, No Refrigeration, 250g","Made In Canada","https://i5.walmartimages.com/asr/edd9502a-eb10-46bb-994a-9ddeac72b331.b9a77e2c7e7dd57ede73fa8c0026a281.jpeg?odnHeight=580&odnWidth=580&odnBg=FFFFFF","Add","$8.77","current price $8.77","$3.51/100g","Grimm's","Grimm's (Gluten Free) Original Mini Pepperoni Sticks, No Refrigeration, 250g","25","4.48 out of 5 stars. 25 reviews","Free Delivery with","https://i5.walmartimages.com/dfw/3ccc2d91-49dd/k2-_2dc6530f-2ead-40b6-8ec8-fedc1c0c8978.v1.png","Pickup","today","Delivery","today"
"https://www.walmart.ca/en/ip/Mott-s-Fruitsations-Veggie-Gluten-Free-Assorted-Fruit-Flavoured-Snacks-Kids-Snacks-40-ct/5SKH7WQOWO9J?classType=REGULAR&athbdg=L1300&from=/search","Mott's Fruitsations + Veggie Gluten Free Assorted Fruit Flavoured Snacks, Kids Snacks, 40 ct, 907 g","Rollback","https://i5.walmartimages.com/asr/249178dc-1fc8-4f78-bdc9-2d0d180d4a50.332bc72793667c204c91bd9660d16f6c.jpeg?odnHeight=580&odnWidth=580&odnBg=FFFFFF","Add","Now $9.47","current price Now $9.47","","Mott's Fruitsations","Mott's Fruitsations + Veggie Gluten Free Assorted Fruit Flavoured Snacks, Kids Snacks, 40 ct, 907 g","54","4.8148 out of 5 stars. 54 reviews","Free Delivery with","https://i5.walmartimages.com/dfw/3ccc2d91-49dd/k2-_2dc6530f-2ead-40b6-8ec8-fedc1c0c8978.v1.png","Pickup","today","Delivery","today"
"https://www.walmart.ca/en/ip/Mott-s-Fruitsations-Veggie-Gluten-Free-Berry-Fruit-Flavoured-Snacks/4O8FAJELBJI1?classType=REGULAR&athbdg=L1300&from=/search","Mott's Fruitsations + Veggie Gluten Free Berry Fruit Flavoured Snacks, 907 g","Rollback","https://i5.walmartimages.com/asr/bc165041-41db-4850-9fb9-c4babb394e0e.45b75462e8937b66f7a50fce1be7e3e8.jpeg?odnHeight=580&odnWidth=580&odnBg=FFFFFF","Add","Now $9.47","current price Now $9.47","","Mott's Fruitsations","Mott's Fruitsations + Veggie Gluten Free Berry Fruit Flavoured Snacks, 907 g","49","4.6327 out of 5 stars. 49 reviews","Free Delivery with","https://i5.walmartimages.com/dfw/3ccc2d91-49dd/k2-_2dc6530f-2ead-40b6-8ec8-fedc1c0c8978.v1.png","Pickup","today","Delivery","today"
"https://www.walmart.ca/en/ip/Grimm-s-Gluten-Free-Hot-Mini-Pepperoni-Sticks/19XTYSKPZWBB?classType=REGULAR&athbdg=L3048&from=/search","Grimm's (Gluten Free) Hot Mini Pepperoni Sticks, No Refrigeration, 250g","Made In Canada","https://i5.walmartimages.com/asr/ce0f1728-e338-437b-99c2-4194c6263763.5a0adda8af554125d5d3dd83908c1d54.jpeg?odnHeight=580&odnWidth=580&odnBg=FFFFFF","Add","$8.77","current price $8.77","$3.51/100g","Grimm's","Grimm's (Gluten Free) Hot Mini Pepperoni Sticks, No Refrigeration, 250g","17","4.8235 out of 5 stars. 17 reviews","Free Delivery with","https://i5.walmartimages.com/dfw/3ccc2d91-49dd/k2-_2dc6530f-2ead-40b6-8ec8-fedc1c0c8978.v1.png","Pickup","today","Delivery","today"
"https://www.walmart.ca/en/ip/Angie-s-BOOMCHICKAPOP-Swiss-Miss-Drizzled-Kettle-Corn-Hot-Cocoa-Marshmallow-Flavoured-Certified-Gluten-Free-Non-GMO-No-Artificial-Colours-128g-season/5XRZ3IO3S0F8?classType=REGULAR&from=/search","Angie's BOOMCHICKAPOP, Swiss Miss Drizzled Kettle Corn, Hot Cocoa Marshmallow Flavoured, Certified Gluten-Free, Non-GMO, No Artificial Colours, 128g, a seasonal whole grain popcorn, Kosher snack, A seasonal whole grain, Non GMO, Kosher, gluten free snack","","https://i5.walmartimages.com/asr/7410c095-f7a5-409d-9ab3-98a61e680e86.eca88e07e1781fa89d8e2f7e76eef576.png?odnHeight=580&odnWidth=580&odnBg=FFFFFF","Add","$4.98","current price $4.98","","Angie's BOOMCHICKAPOP","Angie's BOOMCHICKAPOP, Swiss Miss Drizzled Kettle Corn, Hot Cocoa Marshmallow Flavoured, Certified Gluten-Free, Non-GMO, No Artificial Colours, 128g, a seasonal whole grain popcorn, Kosher snack, A seasonal whole grain, Non GMO, Kosher, gluten free snack","23","4.1739 out of 5 stars. 23 reviews","Free Delivery with","https://i5.walmartimages.com/dfw/3ccc2d91-49dd/k2-_2dc6530f-2ead-40b6-8ec8-fedc1c0c8978.v1.png","Pickup","today","Delivery","today"
"https://www.walmart.ca/en/ip/Betty-Crocker-Devil-s-Food-Cake-Mix-Gluten-Free-425-g-10-Servings/10241814?classType=REGULAR&from=/search","Betty Crocker Devil's Food Cake Mix, Gluten Free, 425 g, 10 Servings, 425 g","","https://i5.walmartimages.com/asr/dd6ff2ed-d978-453c-9a4d-5a5dd705f8e3.31bee8332450044898bfbe5414149af8.jpeg?odnHeight=580&odnWidth=580&odnBg=FFFFFF","Add","$5.97","current price $5.97","$1.40/100g","Betty Crocker","Betty Crocker Devil's Food Cake Mix, Gluten Free, 425 g, 10 Servings, 425 g","55","3.9091 out of 5 stars. 55 reviews","Free Delivery with","https://i5.walmartimages.com/dfw/3ccc2d91-49dd/k2-_2dc6530f-2ead-40b6-8ec8-fedc1c0c8978.v1.png","Pickup","today","Delivery","today"
"https://www.walmart.ca/en/ip/schr-gluten-free-hot-dog-rolls/6000206008385?classType=REGULAR&from=/search","Schär Gluten-Free Hot Dog Rolls, 228 g","","https://i5.walmartimages.ca/images/Enlarge/133/761/6000206133761.jpg?odnHeight=580&odnWidth=580&odnBg=FFFFFF","Add","$6.97","current price $6.97","$3.06/100g","Schar","Schär Gluten-Free Hot Dog Rolls, 228 g","19","4.4737 out of 5 stars. 19 reviews","Free Delivery with","https://i5.walmartimages.com/dfw/3ccc2d91-49dd/k2-_2dc6530f-2ead-40b6-8ec8-fedc1c0c8978.v1.png","Delivery","today","",""
"https://www.walmart.ca/en/ip/SkinnyPop-Gluten-Free-White-Cheddar-Popcorn/6000196157483?classType=REGULAR&from=/search","SkinnyPop Gluten Free White Cheddar Popcorn, SkinnyPop Gluten Free White Cheddar Popcorn 125g","","https://i5.walmartimages.com/asr/b61b74c4-5bf2-4c4c-9c79-82f7428a01bf.63046c100ce26fc7a621392614efa180.jpeg?odnHeight=580&odnWidth=580&odnBg=FFFFFF","Add","$3.98","current price $3.98","$3.18/100g","SkinnyPop","SkinnyPop Gluten Free White Cheddar Popcorn, SkinnyPop Gluten Free White Cheddar Popcorn 125g","1","5 out of 5 stars. 1 reviews","Free Delivery with","https://i5.walmartimages.com/dfw/3ccc2d91-49dd/k2-_2dc6530f-2ead-40b6-8ec8-fedc1c0c8978.v1.png","Pickup","today","Delivery","today"
"https://www.walmart.ca/en/ip/Larabar-Gluten-Free-Lemon/6000204477097?classType=REGULAR&from=/search","Larabar Gluten Free Lemon, 720 g","","https://i5.walmartimages.com/asr/a15bd7c3-5276-446d-bd30-086bd21ec9ac.9f84249e2b5f99e05c789e1b3afb4987.jpeg?odnHeight=580&odnWidth=580&odnBg=FFFFFF","Add","$17.47","current price $17.47","","LARABAR","Larabar Gluten Free Lemon, 720 g","11","5 out of 5 stars. 11 reviews","Free Delivery with","https://i5.walmartimages.com/dfw/3ccc2d91-49dd/k2-_2dc6530f-2ead-40b6-8ec8-fedc1c0c8978.v1.png","Pickup available","today","Delivery",""
"https://www.walmart.ca/en/ip/Larabar-Gluten-Free-Peanut-Butter-Chocolate-Chip/6000197785192?classType=REGULAR&from=/search","Larabar Gluten Free Peanut Butter Chocolate Chip, 16 bars x 45 g, 720 g","","https://i5.walmartimages.com/asr/6ba25597-06ed-46fd-8983-df804d6a06d6.1eb5adc4cb195172b73a564bb26c6b24.jpeg?odnHeight=580&odnWidth=580&odnBg=FFFFFF","Add","$17.47","current price $17.47","$2.43/100g","LARABAR","Larabar Gluten Free Peanut Butter Chocolate Chip, 16 bars x 45 g, 720 g","46","4.8043 out of 5 stars. 46 reviews","Free Delivery with","https://i5.walmartimages.com/dfw/3ccc2d91-49dd/k2-_2dc6530f-2ead-40b6-8ec8-fedc1c0c8978.v1.png","Pickup","today","Delivery","today"
"https://www.walmart.ca/en/ip/promise-gluten-free-brioche-loaf/6000205660050?classType=REGULAR&from=/search","Promise Gluten Free Brioche Loaf, 400 g","","https://i5.walmartimages.ca/images/Enlarge/538/215/6000208538215.jpg?odnHeight=580&odnWidth=580&odnBg=FFFFFF","Add","$7.97","current price $7.97","","Promise","Promise Gluten Free Brioche Loaf, 400 g","12","4.3333 out of 5 stars. 12 reviews","Free Delivery with","https://i5.walmartimages.com/dfw/3ccc2d91-49dd/k2-_2dc6530f-2ead-40b6-8ec8-fedc1c0c8978.v1.png","Pickup","today","Delivery","today"
"https://www.walmart.ca/en/ip/Bob-s-Red-Mill-Gluten-Free-1-to-1-Baking-Flour/6000199783463?classType=REGULAR&from=/search","Bob's Red Mill Gluten Free 1 to 1 Baking Flour, 624 GR","","https://i5.walmartimages.com/asr/9c35e352-caa4-42a8-9f81-466a3d247172.6369b01218cabaded737a03526bd0094.jpeg?odnHeight=580&odnWidth=580&odnBg=FFFFFF","Add","$7.97","current price $7.97","$1.28/100g","Bob's Red Mill","Bob's Red Mill Gluten Free 1 to 1 Baking Flour, 624 GR","53","4.6038 out of 5 stars. 53 reviews","Free Delivery with","https://i5.walmartimages.com/dfw/3ccc2d91-49dd/k2-_2dc6530f-2ead-40b6-8ec8-fedc1c0c8978.v1.png","Pickup","today","Delivery","in 2 days"
"https://www.walmart.ca/en/ip/schr-gluten-free-artisan-baker-white-bread/6000206008424?classType=REGULAR&from=/search","Schär Gluten-Free Artisan Baker White Bread, 400 g","","https://i5.walmartimages.ca/images/Enlarge/280/371/6000206280371.jpg?odnHeight=580&odnWidth=580&odnBg=FFFFFF","Add","$7.47","current price $7.47","$1.87/100g","Schar","Schär Gluten-Free Artisan Baker White Bread, 400 g","18","4.7778 out of 5 stars. 18 reviews","Free Delivery with","https://i5.walmartimages.com/dfw/3ccc2d91-49dd/k2-_2dc6530f-2ead-40b6-8ec8-fedc1c0c8978.v1.png","Pickup","today","Delivery","today"
"https://www.walmart.ca/en/ip/Larabar-Gluten-Free-Peanut-Butter/6000193672401?classType=REGULAR&from=/search","Larabar Gluten Free Peanut Butter, 16 bars x 48 g, 768 g","","https://i5.walmartimages.com/asr/93951ff3-8289-46bb-9ff6-8338515ac7d4.703e6b440f096b461f01720d8a9180e3.jpeg?odnHeight=580&odnWidth=580&odnBg=FFFFFF","Add","$17.47","current price $17.47","$2.27/100g","LARABAR","Larabar Gluten Free Peanut Butter, 16 bars x 48 g, 768 g","23","4.7826 out of 5 stars. 23 reviews","Free Delivery with","https://i5.walmartimages.com/dfw/3ccc2d91-49dd/k2-_2dc6530f-2ead-40b6-8ec8-fedc1c0c8978.v1.png","Pickup","today","Delivery","in 2 days"
"https://www.walmart.ca/en/ip/Angie-s-BOOMCHICKAPOP-Gluten-Free-Non-GMO-Sweet-Chili-Puffs-170-g/3ACM842OLAO5?classType=REGULAR&from=/search","Angie’s BOOMCHICKAPOP® Gluten-Free, Non GMO, Sweet Chili Puffs, 170 g, A gluten free, Non GMO baked corn snack puffed in Canada.","","https://i5.walmartimages.com/asr/9e2ba4a1-3e4d-4d56-9252-c7e947a7a48e.1c257406d95f67345b24596d291ffb0f.jpeg?odnHeight=580&odnWidth=580&odnBg=FFFFFF","Add","$4.98","current price $4.98","","ANGIE’S BOOMCHICKAPOP","Angie’s BOOMCHICKAPOP® Gluten-Free, Non GMO, Sweet Chili Puffs, 170 g, A gluten free, Non GMO baked corn snack puffed in Canada.","44","4.5682 out of 5 stars. 44 reviews","Free Delivery with","https://i5.walmartimages.com/dfw/3ccc2d91-49dd/k2-_2dc6530f-2ead-40b6-8ec8-fedc1c0c8978.v1.png","Pickup","today","Delivery","today"
"https://www.walmart.ca/en/ip/Larabar-Gluten-Free-Apple/6000193672392?classType=REGULAR&from=/search","Larabar Gluten Free Apple, 16 x 45 g Bars","","https://i5.walmartimages.com/asr/470f7b03-f109-4990-aec7-e2819a1d9c6e.8be80d4d295a705653c39ba262f796f1.jpeg?odnHeight=580&odnWidth=580&odnBg=FFFFFF","Add","$17.47","current price $17.47","$2.43/100g","LARABAR","Larabar Gluten Free Apple, 16 x 45 g Bars","17","4.8824 out of 5 stars. 17 reviews","Free Delivery with","https://i5.walmartimages.com/dfw/3ccc2d91-49dd/k2-_2dc6530f-2ead-40b6-8ec8-fedc1c0c8978.v1.png","Pickup","today","Delivery","today"
"https://www.walmart.ca/en/ip/Larabar-Gluten-Free-Cashew/6000197489608?classType=REGULAR&from=/search","Larabar Gluten Free Cashew, 16-Count, 768 Gram","","https://i5.walmartimages.com/asr/c732f456-5680-4245-aabc-99f72a461545.f5fa4487ac4962c617ef63e6cd3df984.jpeg?odnHeight=580&odnWidth=580&odnBg=FFFFFF","Add","$17.47","current price $17.47","$2.27/100g","LARABAR","Larabar Gluten Free Cashew, 16-Count, 768 Gram","23","4.7391 out of 5 stars. 23 reviews","Free Delivery with","https://i5.walmartimages.com/dfw/3ccc2d91-49dd/k2-_2dc6530f-2ead-40b6-8ec8-fedc1c0c8978.v1.png","Pickup","today","Delivery","today"
"https://www.walmart.ca/en/ip/Barilla-Rotini-Pasta-Gluten-Free-12-Ounce-Pack-of-8/4KUZDK5WIQRT?classType=REGULAR&athbdg=L1700&from=/search","Barilla Rotini Pasta Gluten Free, 12 Ounce (Pack of 8)","Reduced price","https://i5.walmartimages.com/asr/073b6383-7e00-4a9a-89d3-f718f4b026aa.9073336e603cbbde620ff694bb76cd3b.jpeg?odnHeight=580&odnWidth=580&odnBg=FFFFFF","Add","Now $59.99","current price Now $59.99","","Barilla","Barilla Rotini Pasta Gluten Free, 12 Ounce (Pack of 8)","","","","","Pickup available","in 3+ days","Delivery",""
"https://www.walmart.ca/en/ip/Bob-s-Red-Mill-Gluten-Free-All-Purpose-Baking-Flour/6000201507395?classType=REGULAR&from=/search","Bob’s Red Mill Gluten Free All Purpose Baking Flour, 624G","","https://i5.walmartimages.com/asr/2df04c22-6d8d-4509-a83b-47fa698f5f80.97a0629878f26a9149948b31bb1ffab4.jpeg?odnHeight=580&odnWidth=580&odnBg=FFFFFF","Add","$7.66","current price $7.66","$1.23/100g","Bob's Red Mill","Bob’s Red Mill Gluten Free All Purpose Baking Flour, 624G","18","4.3333 out of 5 stars. 18 reviews","Free Delivery with","https://i5.walmartimages.com/dfw/3ccc2d91-49dd/k2-_2dc6530f-2ead-40b6-8ec8-fedc1c0c8978.v1.png","Pickup","today","Delivery","in 2 days"
"https://www.walmart.ca/en/ip/Barilla-12-oz-Gluten-Free-Fettuccine-Pasta-12-Case/49THK5JEM00G?classType=REGULAR&athbdg=L1700&from=/search","Barilla 12 oz. Gluten-Free Fettuccine Pasta - 12/Case","Reduced price","https://i5.walmartimages.com/asr/89b6e612-3ded-41f8-be12-803d6d17ffec.f1da0996eb402999994d2a9a4fc5e13b.jpeg?odnHeight=580&odnWidth=580&odnBg=FFFFFF","Add","Now $111.99","current price Now $111.99","","Barilla","Barilla 12 oz. Gluten-Free Fettuccine Pasta - 12/Case","","","","","Pickup available","in 3+ days","Delivery",""
"https://www.walmart.ca/en/ip/Barilla-Penne-Pasta-Gluten-Free-12-Oz-Pack-of-8/2CDFFQHB07IX?classType=REGULAR&athbdg=L1700&from=/search","Barilla Penne Pasta Gluten Free, 12 Oz (Pack of 8)","Reduced price","https://i5.walmartimages.com/asr/9736a27a-9238-4ce8-a4b8-f76c95386d79.0e928e1308f037874b3eff3a5fbb9b58.jpeg?odnHeight=580&odnWidth=580&odnBg=FFFFFF","Add","Now $59.99","current price Now $59.99","","Barilla","Barilla Penne Pasta Gluten Free, 12 Oz (Pack of 8)","","","","","Pickup available","in 3+ days","Delivery",""
"https://www.walmart.ca/en/ip/Larabar-Gluten-Free-Peanut-Butter/6000189073064?classType=REGULAR&from=/search","Larabar Gluten Free Peanut Butter, 5 bars x 48 g, 240 g","","https://i5.walmartimages.com/asr/cbe863d9-8a73-439c-8c79-6cf6ae823f4f.0ec1375b8698bda8acf4da11de1a08e3.jpeg?odnHeight=580&odnWidth=580&odnBg=FFFFFF","Add","$6.47","current price $6.47","$2.70/100g","LARABAR","Larabar Gluten Free Peanut Butter, 5 bars x 48 g, 240 g","61","4.5738 out of 5 stars. 61 reviews","Free Delivery with","https://i5.walmartimages.com/dfw/3ccc2d91-49dd/k2-_2dc6530f-2ead-40b6-8ec8-fedc1c0c8978.v1.png","Pickup","today","Delivery","today"
"https://www.walmart.ca/en/ip/Bread-Crumb-Gluten-Free/25J4FL5J5S12?classType=REGULAR&from=/search","Bread Crumb Gluten Free","","https://i5.walmartimages.com/asr/bf4e4cf0-27bd-48d7-936a-691943b51c8a.893f11d3838b30bdfcb72be935f839f5.jpeg?odnHeight=580&odnWidth=580&odnBg=FFFFFF","Add","$39.99","current price $39.99","","","Bread Crumb Gluten Free","","","","","Pickup available","in 3+ days","Delivery",""
"https://www.walmart.ca/en/ip/Kids-In-The-Kitchen-Cooking-Gluten-Free/7K3313NKRJCX?classType=REGULAR&from=/search","Kids In The Kitchen: Cooking Gluten Free","","https://i5.walmartimages.com/asr/d14b5909-c22f-495c-8bac-46ee5fd256d1.ecdbcddd069a296b49754f5c38cc7302.jpeg?odnHeight=580&odnWidth=580&odnBg=FFFFFF","Add","$41.15","current price $41.15","","","Kids In The Kitchen: Cooking Gluten Free","","","","","Pickup available","in 3+ days","Delivery",""
"https://www.walmart.ca/en/ip/Daiya-Dairy-Free-Gluten-Free-BBQ-Chicken-Flavoured-Pizza-Vegan-Frozen/71CQ3HK14XDZ?classType=REGULAR&athbdg=L1300&from=/search","Daiya Dairy Free Gluten Free BBQ Chicken Flavoured Pizza, Vegan (Frozen), 433g","Rollback","https://i5.walmartimages.com/asr/90f29069-b56a-4807-bfbb-9771d5ad5475.9574bdc2e0086711da11df2ef01c64c0.jpeg?odnHeight=580&odnWidth=580&odnBg=FFFFFF","Add","Now $8.47","current price Now $8.47","$1.96/100g","Daiya","Daiya Dairy Free Gluten Free BBQ Chicken Flavoured Pizza, Vegan (Frozen), 433g","4","3.75 out of 5 stars. 4 reviews","Free Delivery with","https://i5.walmartimages.com/dfw/3ccc2d91-49dd/k2-_2dc6530f-2ead-40b6-8ec8-fedc1c0c8978.v1.png","Pickup","today","Delivery","today"
"https://www.walmart.ca/en/ip/Barilla-Italian-Pasta-Rotini-Red-Lentil-Gluten-Free-8-8-OZ-Bulk-size-10-Case/3EWMGPFOPVYP?classType=REGULAR&athbdg=L1700&from=/search","Barilla Italian Pasta Rotini Red Lentil Gluten-Free 8.8 OZ Bulk size (10/Case)","Reduced price","https://i5.walmartimages.com/asr/64d8795b-2ab1-4e09-aec8-2f9ee355d9b7.5f082408e15a4e20a72c8337fcca1f95.jpeg?odnHeight=580&odnWidth=580&odnBg=FFFFFF","Add","Now $69.51","current price Now $69.51","","Barilla","Barilla Italian Pasta Rotini Red Lentil Gluten-Free 8.8 OZ Bulk size (10/Case)","","","","","Pickup available","in 3+ days","Delivery",""
"https://www.walmart.ca/en/ip/Hieberts-Gluten-Free-Cooking/73ECGCDUWEW9?classType=REGULAR&from=/search","Hieberts Gluten Free Cooking","","https://i5.walmartimages.com/asr/e1743159-1c2e-4c0b-8416-901fc71c16a4.57b8eddddc8bcef24b62dbbcaca93b2b.jpeg?odnHeight=580&odnWidth=580&odnBg=FFFFFF","Add","$35.49","current price $35.49","","the George & Betty Hiebert Family","Hieberts Gluten Free Cooking","","","","","Pickup available","in 3+ days","Delivery",""
"https://www.walmart.ca/en/ip/Nutbrown-Nature-gluten-free-granola-510g/3NV6DX2DKWSN?classType=REGULAR&from=/search","Nutbrown Nature, gluten free granola (510g)","","https://i5.walmartimages.com/asr/ecb968fb-4039-4b9c-b22c-04eb9b0755e5.7279f0923eef070e711e754f97ebbef2.jpeg?odnHeight=580&odnWidth=580&odnBg=FFFFFF","Add","$13.49","current price $13.49","","La Fourmi","Nutbrown Nature, gluten free granola (510g)","","","","","Pickup available","in 3+ days","Delivery",""
"https://www.walmart.ca/en/ip/Nutbrown-Vitalia-gluten-free-granola-510g/1K2MQJ408W3Z?classType=REGULAR&from=/search","Nutbrown Vitalia, gluten free granola (510g)","","https://i5.walmartimages.com/asr/e5f2ffba-20cf-492f-aa4b-704f3c506f75.d152ca06a139c5ae20bf19adf5fecf78.jpeg?odnHeight=580&odnWidth=580&odnBg=FFFFFF","Add","$13.49","current price $13.49","","La Fourmi","Nutbrown Vitalia, gluten free granola (510g)","","","","","Pickup available","in 3+ days","Delivery",""
"https://www.walmart.ca/en/ip/Nutbrown-Tonik-gluten-free-granola-510g/4IKBQ1UGNNAG?classType=REGULAR&from=/search","Nutbrown Tonik, gluten free granola (510g)","","https://i5.walmartimages.com/asr/cc9c4da8-a2d5-4c31-84d3-ac7fd03d9dbd.9d86f270638079779673b99c4399e4b3.jpeg?odnHeight=580&odnWidth=580&odnBg=FFFFFF","Add","$13.49","current price $13.49","","La Fourmi","Nutbrown Tonik, gluten free granola (510g)","","","","","Pickup available","in 3+ days","Delivery",""
"https://www.walmart.ca/en/ip/Bob-s-Red-Mill-Gluten-Free-All-Purpose-Baking-Flour/6000201507395?classType=REGULAR&from=/search","Bob’s Red Mill Gluten Free All Purpose Baking Flour, 624G","","https://i5.walmartimages.com/asr/2df04c22-6d8d-4509-a83b-47fa698f5f80.97a0629878f26a9149948b31bb1ffab4.jpeg?odnHeight=580&odnWidth=580&odnBg=FFFFFF","Add","$7.66","current price $7.66","$1.23/100g","Bob's Red Mill","Bob’s Red Mill Gluten Free All Purpose Baking Flour, 624G","18","4.3333 out of 5 stars. 18 reviews","Free Delivery with","https://i5.walmartimages.com/dfw/3ccc2d91-49dd/k2-_2dc6530f-2ead-40b6-8ec8-fedc1c0c8978.v1.png","Pickup","today","Delivery","in 2 days"
"https://www.walmart.ca/en/ip/Nutbrown-Divine-gluten-free-granola-510g/6OKOPJTEMHEN?classType=REGULAR&from=/search","Nutbrown Divine, gluten free granola (510g)","","https://i5.walmartimages.com/asr/5fca16ce-74ea-4f37-bdde-21e2f171dc6d.d52f6cebc61510fbbe156bf23e3b95dc.jpeg?odnHeight=580&odnWidth=580&odnBg=FFFFFF","Add","$13.49","current price $13.49","","La Fourmi","Nutbrown Divine, gluten free granola (510g)","","","","","Pickup available","in 3+ days","Delivery",""
"https://www.walmart.ca/en/ip/san-daniele-prosciutto/6000203202438?classType=REGULAR&athbdg=L3048&from=/search","San Daniele Prosciutto, Lactose Free / Gluten Free / 200g","Made In Canada","https://i5.walmartimages.ca/images/Enlarge/379/996/6000207379996.jpg?odnHeight=580&odnWidth=580&odnBg=FFFFFF","Add","$10.96","current price $10.96","$5.48/100g","San Daniele","San Daniele Prosciutto, Lactose Free / Gluten Free / 200g","94","4.4574 out of 5 stars. 94 reviews","Free Delivery with","https://i5.walmartimages.com/dfw/3ccc2d91-49dd/k2-_2dc6530f-2ead-40b6-8ec8-fedc1c0c8978.v1.png","Pickup","today","Delivery","today"
"https://www.walmart.ca/en/ip/Bob-s-Red-Mill-Gluten-Free-Cornmeal-24-ounce-Pack-of-4/4EPD4ACSOY38?classType=REGULAR&from=/search","Bob's Red Mill Gluten Free Cornmeal, 24-ounce (Pack of 4)","","https://i5.walmartimages.com/asr/7c48d6d6-2f24-4c02-99e9-60e347b8530d.27fd3cda0b432263e993d3f8c5d68a72.jpeg?odnHeight=580&odnWidth=580&odnBg=FFFFFF","Add","$55.55","current price $55.55","","Bob's Red Mill","Bob's Red Mill Gluten Free Cornmeal, 24-ounce (Pack of 4)","77","4.7922 out of 5 stars. 77 reviews","","","Pickup available","in 3+ days","Delivery",""
"https://www.walmart.ca/en/ip/Barilla-12-oz-Gluten-Free-Penne-Pasta-8-Case/61IL9QWDI6MH?classType=REGULAR&athbdg=L1700&from=/search","Barilla 12 oz. Gluten-Free Penne Pasta - 8/Case","Reduced price","https://i5.walmartimages.com/asr/2e27315d-a8e3-4dfc-9fb4-5c6259c0f8c4.46ae4e3744125e8e521fafd13360c6ee.jpeg?odnHeight=580&odnWidth=580&odnBg=FFFFFF","Add","Now $59.99","current price Now $59.99","","Barilla","Barilla 12 oz. Gluten-Free Penne Pasta - 8/Case","","","","","Pickup available","in 3+ days","Delivery",""
"https://www.walmart.ca/en/ip/Barilla-Italian-Pasta-Penne-Gluten-Free-340-GR-0-7-LBS-Bulk-size-8-Case/20ISL6ZDWCS3?classType=REGULAR&athbdg=L1700&from=/search","Barilla Italian Pasta Penne Gluten-Free 340 GR/0.7 LBS Bulk size (8/Case)","Reduced price","https://i5.walmartimages.com/asr/c070d653-8d73-486b-940f-38026c4e2d10.3c912763fa490bcfb25ceecedd154516.jpeg?odnHeight=580&odnWidth=580&odnBg=FFFFFF","Add","Now $61.59","current price Now $61.59","","Barilla","Barilla Italian Pasta Penne Gluten-Free 340 GR/0.7 LBS Bulk size (8/Case)","","","","","Pickup available","in 3+ days","Delivery",""
"https://www.walmart.ca/en/ip/Barilla-Elbows-Pasta-Gluten-Free-12-Oz-Pack-of-8/6YZ5OM2DQJ8I?classType=REGULAR&athbdg=L1700&from=/search","Barilla Elbows Pasta Gluten Free, 12 Oz (Pack of 8)","Reduced price","https://i5.walmartimages.com/asr/b1297549-1640-447c-8cb3-e649721f1e62.29f5adfa01e262673924296bf1dff340.jpeg?odnHeight=580&odnWidth=580&odnBg=FFFFFF","Add","Now $43.99","current price Now $43.99","","Barilla","Barilla Elbows Pasta Gluten Free, 12 Oz (Pack of 8)","","","","","Pickup available","in 3+ days","Delivery",""
"https://www.walmart.ca/en/ip/Venice-Bakery-12-Count-10-Gluten-Free-Tortilla-Wrap-6-Case/21AEOA6WBWJD?classType=REGULAR&athbdg=L1700&from=/search","Venice Bakery 12-Count 10"" Gluten-Free Tortilla Wrap - 6/Case","Reduced price","https://i5.walmartimages.com/asr/52c43a14-314e-4f24-837a-6a2c68e78419.2b5359a2511060c76ae83492a60fee48.jpeg?odnHeight=580&odnWidth=580&odnBg=FFFFFF","Add","Now $202.98","current price Now $202.98","","VENICE COLLECTIONS","Venice Bakery 12-Count 10"" Gluten-Free Tortilla Wrap - 6/Case","","","","","Pickup available","in 3+ days","Delivery",""
"https://www.walmart.ca/en/ip/Barilla-12-oz-Gluten-Free-Spaghetti-Pasta-12-Case/146AZVH7Q9HI?classType=REGULAR&athbdg=L1700&from=/search","Barilla 12 oz. Gluten-Free Spaghetti Pasta - 12/Case","Reduced price","https://i5.walmartimages.com/asr/6796da5b-0193-48b1-80ff-dc55c19c2419.31e739019d413d9c0ff8ace9a1a8d9f4.jpeg?odnHeight=580&odnWidth=580&odnBg=FFFFFF","Add","Now $89.99","current price Now $89.99","","Barilla","Barilla 12 oz. Gluten-Free Spaghetti Pasta - 12/Case","","","","","Pickup available","in 3+ days","Delivery",""
"https://www.walmart.ca/en/ip/Long-Phung-Gluten-Free-Vietnamese-Style-Beef-Meatballs-390g/5T3VAT4VJ8OW?classType=REGULAR&from=/search","Long Phung Gluten Free Vietnamese Style Beef Meatballs 390g, made entirely from high-quality beef, offering a ready-to-eat culinary experience.","","https://i5.walmartimages.com/asr/89bec7d3-2a11-42d6-a2d9-157cace487bb.9835b3c38032305191a96f2d00c103fc.jpeg?odnHeight=580&odnWidth=580&odnBg=FFFFFF","Add","$9.97","current price $9.97","","Long Phung","Long Phung Gluten Free Vietnamese Style Beef Meatballs 390g, made entirely from high-quality beef, offering a ready-to-eat culinary experience.","3","4.6667 out of 5 stars. 3 reviews","Free Delivery with","https://i5.walmartimages.com/dfw/3ccc2d91-49dd/k2-_2dc6530f-2ead-40b6-8ec8-fedc1c0c8978.v1.png","Delivery","today","",""
"https://www.walmart.ca/en/ip/L-rabar-Gluten-Free-Apple/6000189073061?classType=REGULAR&from=/search","Lärabar Gluten Free Apple, 225 g","","https://i5.walmartimages.com/asr/3b15bda7-37bd-452a-8615-6c597dbca110.7bbf39e968446dfaf500006067ce1b4e.jpeg?odnHeight=580&odnWidth=580&odnBg=FFFFFF","Add","$6.47","current price $6.47","$2.88/100g","Lärabar","Lärabar Gluten Free Apple, 225 g","54","4.2963 out of 5 stars. 54 reviews","Free Delivery with","https://i5.walmartimages.com/dfw/3ccc2d91-49dd/k2-_2dc6530f-2ead-40b6-8ec8-fedc1c0c8978.v1.png","Pickup","today","Delivery","today"
"https://www.walmart.ca/en/ip/Father-Sam-s-Bakery-12-Count-12-Gluten-Free-White-Flour-Tortilla-Wraps-6-Case/6DUOIDHFNBFO?classType=REGULAR&athbdg=L1700&from=/search","Father Sam's Bakery 12-Count 12"" Gluten-Free White Flour Tortilla Wraps - 6/Case","Reduced price","https://i5.walmartimages.com/asr/a3ac1a98-9e1d-4764-8b82-217253832446.3612097c1719cf9ffb2806d88805576d.jpeg?odnHeight=580&odnWidth=580&odnBg=FFFFFF","Add","Now $177.98","current price Now $177.98","","Father Sam's Bakery","Father Sam's Bakery 12-Count 12"" Gluten-Free White Flour Tortilla Wraps - 6/Case","","","","","Pickup available","in 3+ days","Delivery",""
"https://www.walmart.ca/en/ip/mastro-salamini-hot/6000202889473?classType=REGULAR&athbdg=L3048&from=/search","Mastro Salamini Hot, Lactose & Gluten Free <br>375g","Made In Canada","https://i5.walmartimages.com/asr/7b4f8041-5eff-4d2d-a4ea-6fc71f0df2c0.c8bbdb63885237b8d6e5b65682725c43.jpeg?odnHeight=580&odnWidth=580&odnBg=FFFFFF","Add","$7.97","current price $7.97","$2.13/100g","Mastro","Mastro Salamini Hot, Lactose & Gluten Free 375g","12","3.9167 out of 5 stars. 12 reviews","Free Delivery with","https://i5.walmartimages.com/dfw/3ccc2d91-49dd/k2-_2dc6530f-2ead-40b6-8ec8-fedc1c0c8978.v1.png","Pickup","today","Delivery","today"
"https://www.walmart.ca/en/ip/Bob-s-Red-Mill-Gluten-Free-Rolled-Oats/6000199783863?classType=REGULAR&from=/search","Bob's Red Mill Gluten Free Rolled Oats, 907 GR","","https://i5.walmartimages.com/asr/a5d9a0cf-fb4a-4ef9-98fc-a8175e0f3ff3.b55f2bd04a5a2667b923389753a7cfdc.jpeg?odnHeight=580&odnWidth=580&odnBg=FFFFFF","Add","$8.47","current price $8.47","93¢/100g","Bob's Red Mill","Bob's Red Mill Gluten Free Rolled Oats, 907 GR","451","4.8137 out of 5 stars. 451 reviews","Free Delivery with","https://i5.walmartimages.com/dfw/3ccc2d91-49dd/k2-_2dc6530f-2ead-40b6-8ec8-fedc1c0c8978.v1.png","Pickup","today","Delivery","in 2 days"
"https://www.walmart.ca/en/ip/The-Gluten-Free-Bible-The-Thoroughly-Indispensable-Guide-to-Negotiationg-Life-Without-Wheat/4ESNMWUFQ7Z6?classType=REGULAR&from=/search","The Gluten-Free Bible: The Thoroughly Indispensable Guide to Negotiationg Life Without Wheat","","https://i5.walmartimages.com/asr/d45b7976-e7a2-4b23-8a62-482b9ce3fbc6_1.87b2dd0a473bd35641999edf227dadac.jpeg?odnHeight=580&odnWidth=580&odnBg=FFFFFF","Add","$51.21","current price $51.21","","The Gluten-Free Bible","The Gluten-Free Bible: The Thoroughly Indispensable Guide to Negotiationg Life Without Wheat","1","5 out of 5 stars. 1 reviews","","","Pickup available","in 3+ days","Delivery",""
"https://www.walmart.ca/en/ip/The-Gluten-Free-Gourmet-Cooks-Comfort-Foods-Creating-Old-Favorites-with-the-New-Flours/5KF5MS224H6W?classType=REGULAR&from=/search","The Gluten-Free Gourmet Cooks Comfort Foods: Creating Old Favorites with the New Flours","","https://i5.walmartimages.com/asr/ec6c5a08-0b40-493a-9b13-15d103d19165_1.9cd895aee83f4a7fcf6f293f7547d814.jpeg?odnHeight=580&odnWidth=580&odnBg=FFFFFF","Add","$34.68","current price $34.68","","The Gluten-Free Gourmet","The Gluten-Free Gourmet Cooks Comfort Foods: Creating Old Favorites with the New Flours","1","5 out of 5 stars. 1 reviews","","","Pickup available","in 3+ days","Delivery",""
"https://www.walmart.ca/en/ip/True-Comfort-More-Than-100-Cozy-Recipes-Free-of-Gluten-and-Refined-Sugar-A-Gluten-Free-Cookbook/3SR2XKGPB0XH?classType=REGULAR&from=/search","True Comfort: More Than 100 Cozy Recipes Free of Gluten and Refined Sugar: A Gluten Free Cookbook","","https://i5.walmartimages.com/asr/eb76919e-fb25-4cff-a41e-44b257064a6b.1442a68cc511241e77cbbe402bb26d5d.jpeg?odnHeight=580&odnWidth=580&odnBg=FFFFFF","Add","$42.47","current price $42.47","","Rodale Books","True Comfort: More Than 100 Cozy Recipes Free of Gluten and Refined Sugar: A Gluten Free Cookbook","6","4.8333 out of 5 stars. 6 reviews","","","Pickup available","in 3+ days","Delivery",""
"https://www.walmart.ca/en/ip/Crock-Pot-Gluten-Free-Recipes/2PEXT6RX0C0X?classType=REGULAR&from=/search","Crock Pot Gluten Free Recipes","","https://i5.walmartimages.com/asr/3e8120c7-d4ae-4126-a513-ff376c117de6_1.0484a9814f0091f43cd111bc07032427.jpeg?odnHeight=580&odnWidth=580&odnBg=FFFFFF","Add","$67.88","current price $67.88","","Crock-Pot","Crock Pot Gluten Free Recipes","","","","","Pickup available","in 3+ days","Delivery",""
"https://www.walmart.ca/en/ip/The-Essential-Gluten-Free-Resturant-Guide/2X34L33LFXC9?classType=REGULAR&from=/search","The Essential Gluten Free Resturant Guide","","https://i5.walmartimages.com/asr/0774061b-f592-43ae-9e28-b928b8a58bae.a1b25787f5d864f324cd8a602ceb7323.jpeg?odnHeight=580&odnWidth=580&odnBg=FFFFFF","Add","$62.36","current price $62.36","","","The Essential Gluten Free Resturant Guide","","","","","Pickup available","in 3+ days","Delivery",""
"https://www.walmart.ca/en/ip/Your-Wheat-Free-Gluten-Free-Diet-Plan/1C7RXOYIF3MB?classType=REGULAR&from=/search","Your Wheat Free, Gluten Free Diet Plan","","https://i5.walmartimages.com/asr/1a30b6ce-df2c-4fac-b000-618f14cee730.401e6d2514ace822761d9dd27a0397e0.jpeg?odnHeight=580&odnWidth=580&odnBg=FFFFFF","Add","$42.78","current price $42.78","","","Your Wheat Free, Gluten Free Diet Plan","","","","","Pickup available","in 3+ days","Delivery",""
"https://www.walmart.ca/en/ip/Wheat-Less-A-Guide-To-A-Gluten-Free-Life/1GRYL6EPXA1C?classType=REGULAR&from=/search","Wheat Less A Guide To A Gluten Free Life","","https://i5.walmartimages.com/asr/927ff151-a5f6-4515-b5f8-3f4684133070.c801f9d09fa6308fab0b334fc81f2da6.jpeg?odnHeight=580&odnWidth=580&odnBg=FFFFFF","Add","$66.00","current price $66.00","","Rupa Publications India Pvt Ltd.","Wheat Less A Guide To A Gluten Free Life","","","","","Pickup available","in 3+ days","Delivery",""
"https://www.walmart.ca/en/ip/Lifting-the-Lid-on-Gluten-Free-Dairy-Free-Cooking/3XKVKFDFC4LZ?classType=REGULAR&from=/search","Lifting the Lid on Gluten Free, Dairy Free Cooking","","https://i5.walmartimages.com/asr/760ad0bb-f7b4-4d40-9c03-6fb1dc144dce_1.9050dc862351368cc8b8d6c3eb306f04.jpeg?odnHeight=580&odnWidth=580&odnBg=FFFFFF","Add","$50.37","current price $50.37","","","Lifting the Lid on Gluten Free, Dairy Free Cooking","","","","","Pickup available","in 3+ days","Delivery",""
"https://www.walmart.ca/en/ip/Grandma-s-Guide-To-Gluten-Free-Cooking-Gluten-Free-Wheat-Free-Dairy-Free-Egg-Free-Peanut-Free/1YPIHM5TVOFU?classType=REGULAR&from=/search","Grandma's Guide To Gluten Free Cooking: Gluten Free, Wheat Free, Dairy Free, Egg Free, Peanut Free","","https://i5.walmartimages.com/asr/3906bdc0-2f4b-49e5-97a1-a593003c3ba3.8730eb5b60f5989a71824075f1c35d71.jpeg?odnHeight=580&odnWidth=580&odnBg=FFFFFF","Add","$80.73","current price $80.73","","","Grandma's Guide To Gluten Free Cooking: Gluten Free, Wheat Free, Dairy Free, Egg Free, Peanut Free","","","","","Pickup available","in 3+ days","Delivery",""
"https://www.walmart.ca/en/ip/promise-gluten-free-lemon-drizzle-cake/6000205660522?classType=REGULAR&from=/search","Promise Gluten Free Lemon Drizzle Cake, 320 g","","https://i5.walmartimages.ca/images/Enlarge/879/188/6000208879188.jpg?odnHeight=580&odnWidth=580&odnBg=FFFFFF","Add","$6.47","current price $6.47","$2.02/100g","Promise","Promise Gluten Free Lemon Drizzle Cake, 320 g","9","4.3333 out of 5 stars. 9 reviews","Free Delivery with","https://i5.walmartimages.com/dfw/3ccc2d91-49dd/k2-_2dc6530f-2ead-40b6-8ec8-fedc1c0c8978.v1.png","Pickup","today","",""
"https://www.walmart.ca/en/ip/promise-gluten-free-blueberry-muffins/6000208798466?classType=REGULAR&from=/search","Promise Gluten Free Blueberry Muffins, 4 pieces, 240 g total","","https://i5.walmartimages.ca/images/Enlarge/879/176/6000208879176.jpg?odnHeight=580&odnWidth=580&odnBg=FFFFFF","Add","$6.47","current price $6.47","$2.70/100g","Promise","Promise Gluten Free Blueberry Muffins, 4 pieces, 240 g total","2","4.5 out of 5 stars. 2 reviews","Free Delivery with","https://i5.walmartimages.com/dfw/3ccc2d91-49dd/k2-_2dc6530f-2ead-40b6-8ec8-fedc1c0c8978.v1.png","Pickup","today","",""
"https://www.walmart.ca/en/ip/Great-Value-Gluten-Free-Fusilli-340-g/6000197862292?classType=REGULAR&from=/search","Great Value Gluten Free Fusilli 340 g, 340 g","","https://i5.walmartimages.com/asr/efcbedb4-e195-4a53-a1a8-593f43f2b4e5.c35988a332c0a8935234502c45995a30.jpeg?odnHeight=580&odnWidth=580&odnBg=FFFFFF","","$1.97","current price $1.97","","GREAT VALUE PL","Great Value Gluten Free Fusilli 340 g, 340 g","67","4.6567 out of 5 stars. 67 reviews","","","","","",""
"https://www.walmart.ca/en/ip/JOY-Gluten-Free-Sugar-Cone-96-Case/1UJ841EJNSR5?classType=REGULAR&athbdg=L1700&from=/search","JOY Gluten Free Sugar Cone - 96/Case","Reduced price","https://i5.walmartimages.com/asr/620522c7-9aaf-41e9-a830-7cd5f07eccab.13084aa90a5909b14681341b7b13dd48.jpeg?odnHeight=580&odnWidth=580&odnBg=FFFFFF","Add","Now $87.99","current price Now $87.99","","Joy","JOY Gluten Free Sugar Cone - 96/Case","1","1 out of 5 stars. 1 reviews","","","Pickup available","in 3+ days","Delivery",""
"https://www.walmart.ca/en/ip/Yupik-Organic-Cauliflower-Flour-Gluten-Free-500g/0SBG2HTSR0UE?classType=REGULAR&from=/search","Yupik Organic Cauliflower Flour (Gluten Free) 500g","","https://i5.walmartimages.com/asr/0dfdff91-ba8f-4e25-8c5d-4fd75bd182a0.08509c37f454a9afcea8dae684054f6e.jpeg?odnHeight=580&odnWidth=580&odnBg=FFFFFF","Add","$26.49","current price $26.49","","Yupik","Yupik Organic Cauliflower Flour (Gluten Free) 500g","","","","","Pickup available","in 3+ days","Delivery",""
"https://www.walmart.ca/en/ip/Nutbrown-Aphrodisia-gluten-free-granola-180g/6SIRG0Y6EE9Z?classType=REGULAR&from=/search","Nutbrown Aphrodisia , gluten free granola (180g)","","https://i5.walmartimages.com/asr/26ad2917-d8b0-4e34-a050-0e91297b1e08.19ab89306426a8055fb67a46dca777b6.jpeg?odnHeight=580&odnWidth=580&odnBg=FFFFFF","Add","$5.50","current price $5.50","","La Fourmi","Nutbrown Aphrodisia , gluten free granola (180g)","","","","","Pickup available","in 3+ days","Delivery",""
"https://www.walmart.ca/en/ip/LEMON-CAKE-20-g-protein-gluten-free-6-X-50-g-bars/6000200759885?classType=REGULAR&athbdg=L1300&from=/search","LEMON CAKE, 20 g protein, gluten free, 6 X 50 g bars, New Look! Pure Protein bars feature the winning combination of high protein and great taste.","Rollback","https://i5.walmartimages.com/asr/949bcfe2-dda1-48cd-9e65-f7eabdc417ef.00c461cbfd7a8e475cfd57e8708fec87.jpeg?odnHeight=580&odnWidth=580&odnBg=FFFFFF","Add","Now $10.47","current price Now $10.47","","Pure Protein","LEMON CAKE, 20 g protein, gluten free, 6 X 50 g bars, New Look! Pure Protein bars feature the winning combination of high protein and great taste.","40","3.85 out of 5 stars. 40 reviews","Free Delivery with","https://i5.walmartimages.com/dfw/3ccc2d91-49dd/k2-_2dc6530f-2ead-40b6-8ec8-fedc1c0c8978.v1.png","Pickup available","today","Delivery",""
"https://www.walmart.ca/en/ip/Daiya-Dairy-Free-Gluten-Free-Cheeseburger-Flavour-Pizza-Vegan-Frozen/4DJXDKVCXPN9?classType=REGULAR&athbdg=L1300&from=/search","Daiya Dairy Free Gluten Free Cheeseburger Flavour Pizza, Vegan (Frozen), 363g","Rollback","https://i5.walmartimages.com/asr/576e2dbe-4fed-497b-9a97-87620a693c1e.6cd0bca28c0c2ab866b4b4d322427547.jpeg?odnHeight=580&odnWidth=580&odnBg=FFFFFF","Add","Now $8.47","current price Now $8.47","","Daiya","Daiya Dairy Free Gluten Free Cheeseburger Flavour Pizza, Vegan (Frozen), 363g","","","Free Delivery with","https://i5.walmartimages.com/dfw/3ccc2d91-49dd/k2-_2dc6530f-2ead-40b6-8ec8-fedc1c0c8978.v1.png","Pickup","today","Delivery","today"
"https://www.walmart.ca/en/ip/chocolate-peanut-caramel-20-g-of-protein-gluten-free-6-x-50-g-bars/6000195554101?classType=REGULAR&athbdg=L1300&from=/search","CHOCOLATE PEANUT CARAMEL, 20 g of protein, gluten free, 6 X 50 g bars, New Look! Pure Protein bars feature the winning combination of high protein and great taste.","Rollback","https://i5.walmartimages.ca/images/Enlarge/933/780/6000207933780.jpg?odnHeight=580&odnWidth=580&odnBg=FFFFFF","Add","Now $10.47","current price Now $10.47","","Pure Protein","CHOCOLATE PEANUT CARAMEL, 20 g of protein, gluten free, 6 X 50 g bars, New Look! Pure Protein bars feature the winning combination of high protein and great taste.","54","4.2963 out of 5 stars. 54 reviews","Free Delivery with","https://i5.walmartimages.com/dfw/3ccc2d91-49dd/k2-_2dc6530f-2ead-40b6-8ec8-fedc1c0c8978.v1.png","Pickup","today","Delivery","today"
"https://www.walmart.ca/en/ip/Gluten-Free-White-Rice-Flour-50-lb/70XBG1J6OPEP?classType=REGULAR&athbdg=L1700&from=/search","Gluten Free White Rice Flour - 50 lb.","Reduced price","https://i5.walmartimages.com/asr/4044ff5c-bcfe-4eca-8045-1a77e0baaca0.2def5060d1dc2fcf111529b5b4551744.jpeg?odnHeight=580&odnWidth=580&odnBg=FFFFFF","Add","Now $318.98","current price Now $318.98","","Chicken Pieces","Gluten Free White Rice Flour - 50 lb.","","","","","Delivery","in 3+ days","",""
"https://www.walmart.ca/en/ip/Allergy-Smart-Gluten-Free-Chocolate-Chip-Cookies/64EJ3YEP5CJR?classType=REGULAR&from=/search","Allergy Smart Gluten Free Chocolate Chip Cookies, 140g Bag","","https://i5.walmartimages.com/asr/dc9137a5-3a76-4f72-a7a8-6f13e53d6e21.521c61fcb11f30975db612ed7de08556.jpeg?odnHeight=580&odnWidth=580&odnBg=FFFFFF","Add","$4.67","current price $4.67","$3.34/100g","AllergySmart","Allergy Smart Gluten Free Chocolate Chip Cookies, 140g Bag","","","Free Delivery with","https://i5.walmartimages.com/dfw/3ccc2d91-49dd/k2-_2dc6530f-2ead-40b6-8ec8-fedc1c0c8978.v1.png","Pickup","today","Delivery","today"
"https://www.walmart.ca/en/ip/caramel-churro-20-g-of-protein-gluten-free-6-x-50-bars/6000207649070?classType=REGULAR&athbdg=L3048&from=/search","CARAMEL CHURRO, 20 g of protein, gluten free, 6 X 50 bars, New Look! Pure Protein bars feature the winning combination of high protein and great taste.","Made In Canada","https://i5.walmartimages.ca/images/Enlarge/933/548/6000207933548.jpg?odnHeight=580&odnWidth=580&odnBg=FFFFFF","Add","$10.47","current price $10.47","$20.94/100g","Pure Protein","CARAMEL CHURRO, 20 g of protein, gluten free, 6 X 50 bars, New Look! Pure Protein bars feature the winning combination of high protein and great taste.","17","3.5882 out of 5 stars. 17 reviews","Free Delivery with","https://i5.walmartimages.com/dfw/3ccc2d91-49dd/k2-_2dc6530f-2ead-40b6-8ec8-fedc1c0c8978.v1.png","Pickup","today","Delivery","today"
"https://www.walmart.ca/en/ip/CHEWY-CHOCOLATE-CHIP-20-g-of-protein-gluten-free-6-X-50-g-bars/6000187770308?classType=REGULAR&athbdg=L1300&from=/search","CHEWY CHOCOLATE CHIP, 20 g of protein, gluten free, 6 X 50 g bars, New Look! Pure Protein bars feature the winning combination of high protein and great taste.","Rollback","https://i5.walmartimages.com/asr/b1123898-38e3-4a18-949f-69b0be6bb16d.e4d657086da5a39fb65e30bb02705a2d.jpeg?odnHeight=580&odnWidth=580&odnBg=FFFFFF","Add","Now $10.47","current price Now $10.47","","Pure Protein","CHEWY CHOCOLATE CHIP, 20 g of protein, gluten free, 6 X 50 g bars, New Look! Pure Protein bars feature the winning combination of high protein and great taste.","39","4.3846 out of 5 stars. 39 reviews","Free Delivery with","https://i5.walmartimages.com/dfw/3ccc2d91-49dd/k2-_2dc6530f-2ead-40b6-8ec8-fedc1c0c8978.v1.png","Pickup","today","Delivery","today"
"https://www.walmart.ca/en/ip/chocolate-peanut-butter-20-g-of-protein-gluten-free-6-x-50-g-bars/6000187517300?classType=REGULAR&athbdg=L1300&from=/search","CHOCOLATE PEANUT BUTTER, 20 g of protein, gluten free, 6 X 50 g bars, New Look! Pure Protein bars feature the winning combination of high protein and great taste.","Rollback","https://i5.walmartimages.ca/images/Enlarge/933/673/6000207933673.jpg?odnHeight=580&odnWidth=580&odnBg=FFFFFF","Add","Now $10.47","current price Now $10.47","","Pure Protein","CHOCOLATE PEANUT BUTTER, 20 g of protein, gluten free, 6 X 50 g bars, New Look! Pure Protein bars feature the winning combination of high protein and great taste.","26","4.2308 out of 5 stars. 26 reviews","Free Delivery with","https://i5.walmartimages.com/dfw/3ccc2d91-49dd/k2-_2dc6530f-2ead-40b6-8ec8-fedc1c0c8978.v1.png","Pickup","today","Delivery","today"
"https://www.walmart.ca/en/ip/Premium-Gluten-Free-Almond-Flour-25-lb/2PVIW4IMYURW?classType=REGULAR&athbdg=L1700&from=/search","Premium Gluten Free Almond Flour - 25 lb.","Reduced price","https://i5.walmartimages.com/asr/a0260e68-d3fa-470b-a864-a669e79becdb.243d9a33c17a6f974038f070b0ca4fd2.jpeg?odnHeight=580&odnWidth=580&odnBg=FFFFFF","Add","Now $294.98","current price Now $294.98","","Premium","Premium Gluten Free Almond Flour - 25 lb.","","","","","Delivery","in 3+ days","",""
"https://www.walmart.ca/en/ip/chocolate-salted-caramel-18-g-of-protein-gluten-free-6-x-50-g-bars/6000190345090?classType=REGULAR&athbdg=L1300&from=/search","CHOCOLATE SALTED CARAMEL, 18 g of protein, gluten free, 6 X 50 g bars, New Look! Pure Protein bars feature the winning combination of high protein and great taste.","Rollback","https://i5.walmartimages.ca/images/Enlarge/933/884/6000207933884.jpg?odnHeight=580&odnWidth=580&odnBg=FFFFFF","Add","Now $10.47","current price Now $10.47","","Pure Protein","CHOCOLATE SALTED CARAMEL, 18 g of protein, gluten free, 6 X 50 g bars, New Look! Pure Protein bars feature the winning combination of high protein and great taste.","52","4.5 out of 5 stars. 52 reviews","Free Delivery with","https://i5.walmartimages.com/dfw/3ccc2d91-49dd/k2-_2dc6530f-2ead-40b6-8ec8-fedc1c0c8978.v1.png","Pickup","today","Delivery","today"
"https://www.walmart.ca/en/ip/cookies-cream-20-g-of-protein-gluten-free-6-x-50-g-bars/6000207649272?classType=REGULAR&athbdg=L1300&from=/search","COOKIES & CREAM, 20 g of protein, gluten free, 6 X 50 g bars, New Look! Pure Protein bars feature the winning combination of high protein and great taste.","Rollback","https://i5.walmartimages.ca/images/Enlarge/933/688/6000207933688.jpg?odnHeight=580&odnWidth=580&odnBg=FFFFFF","Add","Now $10.47","current price Now $10.47","$20.94/100g","Pure Protein","COOKIES & CREAM, 20 g of protein, gluten free, 6 X 50 g bars, New Look! Pure Protein bars feature the winning combination of high protein and great taste.","20","4.05 out of 5 stars. 20 reviews","Free Delivery with","https://i5.walmartimages.com/dfw/3ccc2d91-49dd/k2-_2dc6530f-2ead-40b6-8ec8-fedc1c0c8978.v1.png","Pickup","today","Delivery","today"
"https://www.walmart.ca/en/ip/Betty-Crocker-Gluten-Free-Paw-Patrol-Special-Edition-Fruit-Flavoured-Snacks/10277584?classType=REGULAR&from=/search","Betty Crocker Gluten Free Paw Patrol Special Edition Fruit Flavoured Snacks, 10 pouches, 226 g","","https://i5.walmartimages.com/asr/3e57c8dd-dc0b-4104-bb57-dd425836b83a.bf46248d0e0e985c6bce753b17885302.jpeg?odnHeight=580&odnWidth=580&odnBg=FFFFFF","Add","$2.97","current price $2.97","$1.31/100g","Betty Crocker","Betty Crocker Gluten Free Paw Patrol Special Edition Fruit Flavoured Snacks, 10 pouches, 226 g","23","4.4783 out of 5 stars. 23 reviews","Free Delivery with","https://i5.walmartimages.com/dfw/3ccc2d91-49dd/k2-_2dc6530f-2ead-40b6-8ec8-fedc1c0c8978.v1.png","Pickup","today","Delivery","today"
"https://www.walmart.ca/en/ip/BIRTHDAY-CAKE-20-g-of-protein-gluten-free-12-X-50-g/6000203684946?classType=REGULAR&athbdg=L3048&from=/search","BIRTHDAY CAKE, 20 g of protein, gluten free, 12 X 50 g, New Look! Pure Protein bars feature the winning combination of high protein and great taste.","Made In Canada","https://i5.walmartimages.com/asr/27ebe3ff-533e-4fa3-8544-f166502fc927.f58c99d0c7f4dcd98dd9ada4fc8304cd.jpeg?odnHeight=580&odnWidth=580&odnBg=FFFFFF","Add","$20.77","current price $20.77","","Pure Protein","BIRTHDAY CAKE, 20 g of protein, gluten free, 12 X 50 g, New Look! Pure Protein bars feature the winning combination of high protein and great taste.","43","4.1628 out of 5 stars. 43 reviews","Free Delivery with","https://i5.walmartimages.com/dfw/3ccc2d91-49dd/k2-_2dc6530f-2ead-40b6-8ec8-fedc1c0c8978.v1.png","Pickup","today","Delivery","today"
"https://www.walmart.ca/en/ip/CHOCOLATE-DELUXE-21-g-of-protein-gluten-free-12-X-50-g-bars/6000190345102?classType=REGULAR&athbdg=L3048&from=/search","CHOCOLATE DELUXE, 21 g of protein, gluten free, 12 X 50 g bars, New Look! Pure Protein bars feature the winning combination of high protein and great taste.","Made In Canada","https://i5.walmartimages.com/asr/454f4cb0-bacf-4cdf-a125-1f12f8f261f8.de0594fbeaf92f519e37106ebbf883a1.jpeg?odnHeight=580&odnWidth=580&odnBg=FFFFFF","Add","$20.77","current price $20.77","","Pure Protein","CHOCOLATE DELUXE, 21 g of protein, gluten free, 12 X 50 g bars, New Look! Pure Protein bars feature the winning combination of high protein and great taste.","232","4.4181 out of 5 stars. 232 reviews","Free Delivery with","https://i5.walmartimages.com/dfw/3ccc2d91-49dd/k2-_2dc6530f-2ead-40b6-8ec8-fedc1c0c8978.v1.png","Pickup","today","Delivery","today"
"https://www.walmart.ca/en/ip/Betty-Crocker-Gluten-Free-Gabby-s-Dollhouse-Kids-Edition-Fruit-Flavoured-Snacks/6000196028917?classType=REGULAR&from=/search","Betty Crocker Gluten Free Gabby's Dollhouse Kids Edition Fruit Flavoured Snacks, 10 pouches/226 g","","https://i5.walmartimages.com/asr/0e990eea-0d6c-4ccf-8adf-4d82b9c1c56e.043a980e5ce8dd5cae49cdb30a6cab01.jpeg?odnHeight=580&odnWidth=580&odnBg=FFFFFF","Add","$2.97","current price $2.97","$1.31/100g","Betty Crocker","Betty Crocker Gluten Free Gabby's Dollhouse Kids Edition Fruit Flavoured Snacks, 10 pouches/226 g","19","4.5263 out of 5 stars. 19 reviews","Free Delivery with","https://i5.walmartimages.com/dfw/3ccc2d91-49dd/k2-_2dc6530f-2ead-40b6-8ec8-fedc1c0c8978.v1.png","Pickup","today","Delivery","today"
"https://www.walmart.ca/en/ip/The-Ultimate-Gluten-and-Dairy-Free-Cookbook/2F2RPF5HTGQO?classType=REGULAR&from=/search","The Ultimate Gluten and Dairy Free Cookbook","","https://i5.walmartimages.com/asr/fc702982-cc8d-491d-a9a1-624f501de3bf.f486a7d5cedd0f82b1244d54d34600d0.jpeg?odnHeight=580&odnWidth=580&odnBg=FFFFFF","Add","$52.45","current price $52.45","","","The Ultimate Gluten and Dairy Free Cookbook","","","","","Pickup available","in 3+ days","Delivery",""
"https://www.walmart.ca/en/ip/Bob-s-Red-Mill-25-lb-Gluten-Free-Potato-Starch/62P512YNVL6T?classType=REGULAR&athbdg=L1700&from=/search","Bob's Red Mill 25 lb. Gluten Free Potato Starch","Reduced price","https://i5.walmartimages.com/asr/d76f91bf-efa3-429a-93bb-c3328d551400.08fdafd9a883a726406afa6add62b73d.jpeg?odnHeight=580&odnWidth=580&odnBg=FFFFFF","Add","Now $172.59","current price Now $172.59","","Bob's Red Mill","Bob's Red Mill 25 lb. Gluten Free Potato Starch","","","","","Pickup available","in 3+ days","Delivery",""
"https://www.walmart.ca/en/ip/Joy-Gluten-Free-Cake-Ice-Cream-Cones-96-Case/78DMU1CLMDVO?classType=REGULAR&athbdg=L1700&from=/search","Joy Gluten Free Cake Ice Cream Cones - 96/Case","Reduced price","https://i5.walmartimages.com/asr/de32d7a9-f516-458d-84a0-f8099435ffd8.0f848e9ab237533a370b7918dbba69ae.jpeg?odnHeight=580&odnWidth=580&odnBg=FFFFFF","Add","Now $61.98","current price Now $61.98","","a2zbaazar","Joy Gluten Free Cake Ice Cream Cones - 96/Case","","","","","Pickup available","in 3+ days","Delivery",""
"https://www.walmart.ca/en/ip/The-How-Can-It-Be-Gluten-Free-Cookbook-Revolutionary-Techniques-Groundbreaking-Recipes/0TSSI925YYCP?classType=REGULAR&from=/search","The How Can It Be Gluten Free Cookbook: Revolutionary Techniques. Groundbreaking Recipes.","","https://i5.walmartimages.com/asr/fac98928-4199-4b1c-b9c1-6ec6d4f709b2.f3d2a1f411484dc2d9da656b157e3347.jpeg?odnHeight=580&odnWidth=580&odnBg=FFFFFF","Add","$57.96","current price $57.96","","America's Test Kitchen","The How Can It Be Gluten Free Cookbook: Revolutionary Techniques. Groundbreaking Recipes.","","","","","Pickup available","in 3+ days","Delivery",""
"https://www.walmart.ca/en/ip/Bob-s-Red-Mill-25-lb-Gluten-Free-Tapioca-Flour/2BREAQSWM9VY?classType=REGULAR&athbdg=L1700&from=/search","Bob's Red Mill 25 lb. Gluten Free Tapioca Flour","Reduced price","https://i5.walmartimages.com/asr/4a6199e1-e027-4325-8b07-02629643ab89.c6eb3b979463687a4a1b3f7d117519a6.jpeg?odnHeight=580&odnWidth=580&odnBg=FFFFFF","Add","Now $289.99","current price Now $289.99","","a2zbaazar","Bob's Red Mill 25 lb. Gluten Free Tapioca Flour","","","","","Delivery","in 3+ days","",""
"https://www.walmart.ca/en/ip/Fruit-by-the-Foot-Fruit-Flavoured-Snacks-Rippin-Berry-Berry-Gluten-Free-6-ct/206763?classType=REGULAR&athbdg=L3033&from=/search","Fruit by the Foot Fruit Flavoured Snacks, Rippin' Berry Berry, Gluten Free, 6 ct, 6 rolls, 128 g","3 for $8","https://i5.walmartimages.com/asr/3a8afe47-411d-4cc9-a114-013f1bd33d95.34735d480497b5aeb2099d20fa9ba70d.jpeg?odnHeight=580&odnWidth=580&odnBg=FFFFFF","Add","$2.97","current price $2.97","$2.32/100g","Fruit By The Foot by Betty Crocker","Fruit by the Foot Fruit Flavoured Snacks, Rippin' Berry Berry, Gluten Free, 6 ct, 6 rolls, 128 g","70","4.3714 out of 5 stars. 70 reviews","Free Delivery with","https://i5.walmartimages.com/dfw/3ccc2d91-49dd/k2-_2dc6530f-2ead-40b6-8ec8-fedc1c0c8978.v1.png","Pickup","today","Delivery","today"
"https://www.walmart.ca/en/ip/Gushers-Fruit-Flavoured-Snacks-Variety-Pack-Gluten-Free-Kids-Snacks-6-ct/10281531?classType=REGULAR&athbdg=L3033&from=/search","Gushers Fruit Flavoured Snacks, Variety Pack, Gluten Free,  Kids Snacks, 6 ct, 6 pouches, 138 g","3 for $8","https://i5.walmartimages.com/asr/cbe83768-dfad-4f19-923e-13a6ce7120bd.19a1a2b04c35c59525babdf5f03182fe.jpeg?odnHeight=580&odnWidth=580&odnBg=FFFFFF","Add","$2.97","current price $2.97","","Fruit Gushers by Betty Crocker","Gushers Fruit Flavoured Snacks, Variety Pack, Gluten Free,  Kids Snacks, 6 ct, 6 pouches, 138 g","127","4.5669 out of 5 stars. 127 reviews","Free Delivery with","https://i5.walmartimages.com/dfw/3ccc2d91-49dd/k2-_2dc6530f-2ead-40b6-8ec8-fedc1c0c8978.v1.png","Pickup","today","Delivery","today"
"https://www.walmart.ca/en/ip/ELAN-Organic-Ancient-Black-Rice-GMO-Gluten-Free-8-Count-426g/37WDV7T2NW4Z?classType=REGULAR&from=/search","ELAN Organic Ancient Black Rice (GMO & Gluten Free), 8 Count, 426g","","https://i5.walmartimages.com/asr/63758def-5014-433e-90aa-722aa26b4d10.5ac9d52b62808de5b925a4aa8a987d97.jpeg?odnHeight=580&odnWidth=580&odnBg=FFFFFF","Add","$43.99","current price $43.99","","ELAN","ELAN Organic Ancient Black Rice (GMO & Gluten Free), 8 Count, 426g","1","5 out of 5 stars. 1 reviews","","","Pickup available","in 3+ days","Delivery",""
"https://www.walmart.ca/en/ip/Bob-s-Red-Mill-25-lb-Gluten-Free-Pancake-Mix/3TDIRJRHGCJP?classType=REGULAR&athbdg=L1700&from=/search","Bob's Red Mill 25 lb. Gluten Free Pancake Mix","Reduced price","https://i5.walmartimages.com/asr/a230078a-c6ea-49f6-92ad-c2e8fbcbaaaa.04355187c5e8805d8f3f6f266c3edc5c.jpeg?odnHeight=580&odnWidth=580&odnBg=FFFFFF","Add","Now $240.44","current price Now $240.44","","a2zbaazar","Bob's Red Mill 25 lb. Gluten Free Pancake Mix","","","","","Pickup available","in 3+ days","Delivery",""
"https://www.walmart.ca/en/ip/chocolate-salted-caramel-18-g-of-protein-gluten-free-12-x-50-g-bars/6000195554098?classType=REGULAR&athbdg=L3048&from=/search","CHOCOLATE SALTED CARAMEL, 18 g of protein, gluten free, 12 X 50 g bars, New Look! Pure Protein bars feature the winning combination of high protein and great taste.","Made In Canada","https://i5.walmartimages.ca/images/Enlarge/934/182/6000207934182.jpg?odnHeight=580&odnWidth=580&odnBg=FFFFFF","Add","$20.77","current price $20.77","","Pure Protein","CHOCOLATE SALTED CARAMEL, 18 g of protein, gluten free, 12 X 50 g bars, New Look! Pure Protein bars feature the winning combination of high protein and great taste.","135","4.5481 out of 5 stars. 135 reviews","Free Delivery with","https://i5.walmartimages.com/dfw/3ccc2d91-49dd/k2-_2dc6530f-2ead-40b6-8ec8-fedc1c0c8978.v1.png","Pickup","today","Delivery","today"
"https://www.walmart.ca/en/ip/Bob-s-Red-Mill-25-lb-Gluten-Free-Potato-Starch/4C6J636NG8YB?classType=REGULAR&athbdg=L1700&from=/search","Bob's Red Mill 25 lb. Gluten Free Potato Starch","Reduced price","https://i5.walmartimages.com/asr/3e2d95ef-57d7-4f4f-956f-cfe912474ef7.d96f2ba57251e1ed1bef98e6247760b1.jpeg?odnHeight=580&odnWidth=580&odnBg=FFFFFF","Add","Now $217.44","current price Now $217.44","","a2zbaazar","Bob's Red Mill 25 lb. Gluten Free Potato Starch","","","","","Pickup available","in 3+ days","Delivery",""
"https://www.walmart.ca/en/ip/The-Gluten-free-Cookbook-for-Kids/3H3G91GEO6VK?classType=REGULAR&from=/search","The Gluten-free Cookbook for Kids","","https://i5.walmartimages.com/asr/4cd8bcdd-e0b2-4e88-a250-a7548be5fe6f.44c1fe85997c5a81b11a6d596de4fec9.jpeg?odnHeight=580&odnWidth=580&odnBg=FFFFFF","Add","$58.52","current price $58.52","","","The Gluten-free Cookbook for Kids","1","5 out of 5 stars. 1 reviews","","","Pickup available","in 3+ days","Delivery",""
"https://www.walmart.ca/en/ip/Joy-Gluten-Free-Cake-Ice-Cream-Cones-12-Box/33EPG136M1KN?classType=REGULAR&athbdg=L1700&from=/search","Joy Gluten Free Cake Ice Cream Cones - 12/Box","Reduced price","https://i5.walmartimages.com/asr/11c1ac83-2ff4-4c55-906d-42dfbe131a88.aaba9cdc52c80b567d474ed8cabd7111.jpeg?odnHeight=580&odnWidth=580&odnBg=FFFFFF","Add","Now $39.98","current price Now $39.98","","a2zbaazar","Joy Gluten Free Cake Ice Cream Cones - 12/Box","","","","","Pickup available","in 3+ days","Delivery",""
"https://www.walmart.ca/en/ip/The-Gluten-Free-Table/4W9HFDZ3O74Z?classType=REGULAR&from=/search","The Gluten-Free Table","","https://i5.walmartimages.com/asr/148da4a4-8226-45b3-b5df-70b923f99285_1.48b198595d99f4d156bc1bbc2b8646cd.jpeg?odnHeight=580&odnWidth=580&odnBg=FFFFFF","Add","$46.12","current price $46.12","","","The Gluten-Free Table","1","5 out of 5 stars. 1 reviews","","","Pickup available","in 3+ days","Delivery",""
"https://www.walmart.ca/en/ip/Caulipower-Cauliflower-Pizza-Crust-Gluten-Free-2-Blank-Canvas-Crusts-Per-Pack-312g/6000198333992?classType=REGULAR&athbdg=L1300&from=/search","Caulipower Cauliflower Pizza Crust, Gluten Free, 2 Blank Canvas Crusts Per Pack, 312g, Cauliflower Plain pizza crust","Rollback","https://i5.walmartimages.com/asr/e4e22ab5-a95d-4feb-b943-7c472357c201.dc1fd417ab71c19d5737692ea447043d.jpeg?odnHeight=580&odnWidth=580&odnBg=FFFFFF","Add","Now $8.57","current price Now $8.57","$2.76/100g","CAULIPOWER","Caulipower Cauliflower Pizza Crust, Gluten Free, 2 Blank Canvas Crusts Per Pack, 312g, Cauliflower Plain pizza crust","651","4.5883 out of 5 stars. 651 reviews","Free Delivery with","https://i5.walmartimages.com/dfw/3ccc2d91-49dd/k2-_2dc6530f-2ead-40b6-8ec8-fedc1c0c8978.v1.png","Pickup","today","Delivery","today"
"https://www.walmart.ca/en/ip/1-000-Gluten-Free-Recipes/3SZU3AJPH509?classType=REGULAR&from=/search","1,000 Gluten-Free Recipes","","https://i5.walmartimages.com/asr/58b9b64d-3713-451f-a9e4-3d20cc187a4f.aa3559469ce6486f9b0da073a70ad507.jpeg?odnHeight=580&odnWidth=580&odnBg=FFFFFF","Add","$48.22","current price $48.22","","","1,000 Gluten-Free Recipes","3","5 out of 5 stars. 3 reviews","","","Pickup available","in 3+ days","Delivery",""
"https://www.walmart.ca/en/ip/Bob-s-Red-Mill-25-lb-Gluten-Free-Ground-Flaxseed-Meal/2ZB18T3UEOLJ?classType=REGULAR&athbdg=L1700&from=/search","Bob's Red Mill 25 lb. Gluten Free Ground Flaxseed Meal","Reduced price","https://i5.walmartimages.com/asr/9d23454d-5bb1-4e59-a95a-50966a320945.8c67230ec0d23171e04fa4eb7ae64417.jpeg?odnHeight=580&odnWidth=580&odnBg=FFFFFF","Add","Now $235.84","current price Now $235.84","","a2zbaazar","Bob's Red Mill 25 lb. Gluten Free Ground Flaxseed Meal","","","","","Pickup available","in 3+ days","Delivery",""
"https://www.walmart.ca/en/ip/Bob-s-Red-Mill-25-lb-Gluten-Free-All-Purpose-Baking-Flour/5M3HDU5TIR0N?classType=REGULAR&athbdg=L1700&from=/search","Bob's Red Mill 25 lb. Gluten Free All-Purpose Baking Flour","Reduced price","https://i5.walmartimages.com/asr/9f56dc41-b004-4f3b-92aa-765cb1787bef.951d891794ec33249d2f791d4b9d4aa8.jpeg?odnHeight=580&odnWidth=580&odnBg=FFFFFF","Add","Now $241.59","current price Now $241.59","","a2zbaazar","Bob's Red Mill 25 lb. Gluten Free All-Purpose Baking Flour","","","","","Pickup available","in 3+ days","Delivery",""
"https://www.walmart.ca/en/ip/chocolate-peanut-caramel-20-g-protein-gluten-free-12-x-50-g-bars/6000197949887?classType=REGULAR&athbdg=L3048&from=/search","CHOCOLATE PEANUT CARAMEL, 20 g protein, gluten free, 12 X 50 g bars, New Look! Pure Protein bars feature the winning combination of high protein and great taste.","Made In Canada","https://i5.walmartimages.ca/images/Enlarge/934/108/6000207934108.jpg?odnHeight=580&odnWidth=580&odnBg=FFFFFF","Add","$20.77","current price $20.77","","Pure Protein","CHOCOLATE PEANUT CARAMEL, 20 g protein, gluten free, 12 X 50 g bars, New Look! Pure Protein bars feature the winning combination of high protein and great taste.","177","4.4972 out of 5 stars. 177 reviews","Free Delivery with","https://i5.walmartimages.com/dfw/3ccc2d91-49dd/k2-_2dc6530f-2ead-40b6-8ec8-fedc1c0c8978.v1.png","Pickup","today","Delivery","today"
"https://www.walmart.ca/en/ip/chocolate-peanut-butter-20-g-of-protein-gluten-free-12-x-50-g-bars/6000190345099?classType=REGULAR&athbdg=L3048&from=/search","CHOCOLATE PEANUT BUTTER, 20 g of protein, gluten free, 12 X 50 g bars, New Look! Pure Protein bars feature the winning combination of high protein and great taste.","Made In Canada","https://i5.walmartimages.ca/images/Enlarge/934/094/6000207934094.jpg?odnHeight=580&odnWidth=580&odnBg=FFFFFF","Add","$20.77","current price $20.77","","Pure Protein","CHOCOLATE PEANUT BUTTER, 20 g of protein, gluten free, 12 X 50 g bars, New Look! Pure Protein bars feature the winning combination of high protein and great taste.","119","4.4538 out of 5 stars. 119 reviews","Free Delivery with","https://i5.walmartimages.com/dfw/3ccc2d91-49dd/k2-_2dc6530f-2ead-40b6-8ec8-fedc1c0c8978.v1.png","Pickup","today","Delivery","today"
"https://www.walmart.ca/en/ip/Fruit-Roll-Ups-Fruit-Flavoured-Snacks-Blastin-Berry-Variety-Pack-Gluten-Free-10-ct/6000197081369?classType=REGULAR&athbdg=L3033&from=/search","Fruit Roll-Ups Fruit Flavoured Snacks, Blastin' Berry Variety Pack, Gluten Free, 10 ct, 10 rolls, 141 g","3 for $8","https://i5.walmartimages.com/asr/64117d2c-3929-46d6-9238-b75ec7789c49.b180b10ea04a78167e6b2c247ef649b5.jpeg?odnHeight=580&odnWidth=580&odnBg=FFFFFF","Add","$2.97","current price $2.97","$2.11/100g","Betty Crocker","Fruit Roll-Ups Fruit Flavoured Snacks, Blastin' Berry Variety Pack, Gluten Free, 10 ct, 10 rolls, 141 g","31","4.4516 out of 5 stars. 31 reviews","Free Delivery with","https://i5.walmartimages.com/dfw/3ccc2d91-49dd/k2-_2dc6530f-2ead-40b6-8ec8-fedc1c0c8978.v1.png","Pickup","today","Delivery","today"
"https://www.walmart.ca/en/ip/Hellmann-s-Creamy-Ranch-Dressing-Gluten-Free-3-78L-Unit-2-Units-Case/67H09A74I0RL?classType=REGULAR&athbdg=L1700&from=/search","Hellmann's Creamy Ranch Dressing, Gluten Free | 3.78L/Unit, 2 Units/Case","Reduced price","https://i5.walmartimages.com/asr/6fc52aaf-f181-4fd6-b708-fc9ea32ab5f7.187b61b8fc018af0d695bf574c6c691d.jpeg?odnHeight=580&odnWidth=580&odnBg=FFFFFF","Add","Now $102.05","current price Now $102.05","","a2zbaazar","Hellmann's Creamy Ranch Dressing, Gluten Free | 3.78L/Unit, 2 Units/Case","","","","","Pickup available","in 3+ days","Delivery",""
"https://www.walmart.ca/en/ip/Larabar-Chocolate-Chip-Banana-Bread-Gluten-Free-Vegan-Fruit-Nut-Energy-Bars/3XY890KGROID?classType=REGULAR&from=/search","Larabar Chocolate Chip Banana Bread, Gluten Free Vegan Fruit & Nut Energy Bars, 16 bars x 45 g, 720 g","","https://i5.walmartimages.com/asr/f981e71c-4c21-424c-a44c-d616501fbb74.52b577596f94b0d953ed3c8d48dc960b.jpeg?odnHeight=580&odnWidth=580&odnBg=FFFFFF","Add","$17.47","current price $17.47","","LARABAR","Larabar Chocolate Chip Banana Bread, Gluten Free Vegan Fruit & Nut Energy Bars, 16 bars x 45 g, 720 g","13","4.0769 out of 5 stars. 13 reviews","Free Delivery with","https://i5.walmartimages.com/dfw/3ccc2d91-49dd/k2-_2dc6530f-2ead-40b6-8ec8-fedc1c0c8978.v1.png","Pickup","today","Delivery","in 2 days"
"https://www.walmart.ca/en/ip/Fruit-by-the-Foot-Fruit-Flavoured-Snacks-Variety-Pack-Gluten-Free-Kids-Snacks-6-ct/981458?classType=REGULAR&athbdg=L3033&from=/search","Fruit by the Foot Fruit Flavoured Snacks, Variety Pack, Gluten Free, Kids Snacks, 6 ct, 6 rolls, 128 g","3 for $8","https://i5.walmartimages.com/asr/7377c54d-b6ca-4303-9a08-41c46aacc9ee.89cdf8e1cca1f6fe842930123411d0dc.jpeg?odnHeight=580&odnWidth=580&odnBg=FFFFFF","Add","$2.97","current price $2.97","$2.32/100g","Fruit By The Foot by Betty Crocker","Fruit by the Foot Fruit Flavoured Snacks, Variety Pack, Gluten Free, Kids Snacks, 6 ct, 6 rolls, 128 g","132","4.5606 out of 5 stars. 132 reviews","Free Delivery with","https://i5.walmartimages.com/dfw/3ccc2d91-49dd/k2-_2dc6530f-2ead-40b6-8ec8-fedc1c0c8978.v1.png","Pickup","today","Delivery","today"
"https://www.walmart.ca/en/ip/Bob-s-Red-Mill-25-lb-Gluten-Free-White-Rice-Flour/6TBRR0UZPFB5?classType=REGULAR&athbdg=L1700&from=/search","Bob's Red Mill 25 lb. Gluten Free White Rice Flour","Reduced price","https://i5.walmartimages.com/asr/5b81bcc0-159d-41ee-b150-58f042e1b799.be1feac2eb18148351e2d20c52df22d1.jpeg?odnHeight=580&odnWidth=580&odnBg=FFFFFF","Add","Now $143.84","current price Now $143.84","","Bob's Red Mill","Bob's Red Mill 25 lb. Gluten Free White Rice Flour","","","","","Pickup available","in 3+ days","Delivery",""
"https://www.walmart.ca/en/ip/Gluten-Free-Baking-Classics/6JNRTWI1IU5H?classType=REGULAR&from=/search","Gluten-Free Baking Classics","","https://i5.walmartimages.com/asr/e44a2207-8c79-44ad-8e4e-55d5597b0a10.f77b32cd23c04e1aaf56507280f768c6.jpeg?odnHeight=580&odnWidth=580&odnBg=FFFFFF","Add","$32.30","current price $32.30","","","Gluten-Free Baking Classics","2","4.5 out of 5 stars. 2 reviews","","","Pickup available","in 3+ days","Delivery",""
"https://www.walmart.ca/en/ip/Bob-s-Red-Mill-25-lb-Gluten-Free-Brown-Rice-Flour/7DQ1Z3TSQPPH?classType=REGULAR&athbdg=L1700&from=/search","Bob's Red Mill 25 lb. Gluten Free Brown Rice Flour","Reduced price","https://i5.walmartimages.com/asr/25d47821-046a-49e7-ab13-38b388d1a3ab.34892993de3bc177e7634781a41ea626.jpeg?odnHeight=580&odnWidth=580&odnBg=FFFFFF","Add","Now $186.39","current price Now $186.39","","a2zbaazar","Bob's Red Mill 25 lb. Gluten Free Brown Rice Flour","","","","","Pickup available","in 3+ days","Delivery",""
"https://www.walmart.ca/en/ip/How-Can-it-be-Gluten-Free-Cookbook-Volume-2-150-All-New-Ground-Breaking-Recipes-Volume-2/212EWLKKZHWW?classType=REGULAR&from=/search","How Can it be Gluten Free Cookbook Volume 2: 150 All-New Ground-Breaking Recipes: Volume 2","","https://i5.walmartimages.com/asr/43a33580-c24f-4cdc-925e-3a0741e1531b.bbc7d940bcf8b94c1cf030c58065d8f4.jpeg?odnHeight=580&odnWidth=580&odnBg=FFFFFF","Add","$56.41","current price $56.41","","America s Test Kitchen","How Can it be Gluten Free Cookbook Volume 2: 150 All-New Ground-Breaking Recipes: Volume 2","1","5 out of 5 stars. 1 reviews","","","Pickup available","in 3+ days","Delivery",""
"https://www.walmart.ca/en/ip/Mott-s-Fruitsations-Fruit-Flavoured-Snacks-Assorted-Fruit-Gluten-Free-Kids-Snacks-10-ct/6000187517383?classType=REGULAR&athbdg=L1600&from=/search","Mott's Fruitsations Fruit Flavoured Snacks, Assorted Fruit, Gluten Free, Kids Snacks, 10 ct, 10 pouches, 226 g","Best seller","https://i5.walmartimages.com/asr/03416451-729b-4459-af9a-b350d367d484.71b66832066d367068bb1aeddbd9134a.jpeg?odnHeight=580&odnWidth=580&odnBg=FFFFFF","Add","$2.97","current price $2.97","$1.31/100g","Mott's Fruitsations","Mott's Fruitsations Fruit Flavoured Snacks, Assorted Fruit, Gluten Free, Kids Snacks, 10 ct, 10 pouches, 226 g","530","4.3321 out of 5 stars. 530 reviews","Free Delivery with","https://i5.walmartimages.com/dfw/3ccc2d91-49dd/k2-_2dc6530f-2ead-40b6-8ec8-fedc1c0c8978.v1.png","Pickup","today","Delivery","today"
"https://www.walmart.ca/en/ip/Calbee-Harvest-Snaps-Snapea-Crisps-Black-Pepper-Gluten-Free-Baked-Green-Pea-Crisps-94g/6000196059897?classType=REGULAR&from=/search","Calbee Harvest Snaps Snapea Crisps Black Pepper Gluten Free Baked Green Pea Crisps 94g, Harvest Snaps Snack Crisps Black Pepper 94g","","https://i5.walmartimages.com/asr/4b455371-9ada-4ddb-9a2c-5dfe6af9d923.301bc966b59886006f3386f8296c915c.jpeg?odnHeight=580&odnWidth=580&odnBg=FFFFFF","Add","$3.28","current price $3.28","$3.86/100g","Harvest Snaps®","Calbee Harvest Snaps Snapea Crisps Black Pepper Gluten Free Baked Green Pea Crisps 94g, Harvest Snaps Snack Crisps Black Pepper 94g","31","4.4839 out of 5 stars. 31 reviews","Free Delivery with","https://i5.walmartimages.com/dfw/3ccc2d91-49dd/k2-_2dc6530f-2ead-40b6-8ec8-fedc1c0c8978.v1.png","Pickup","today","Delivery","today"
"https://www.walmart.ca/en/ip/Bob-s-Red-Mill-25-lb-Gluten-Free-Quick-Cooking-Rolled-Oats/1GWC0EIOIJH5?classType=REGULAR&athbdg=L1700&from=/search","Bob's Red Mill 25 lb. Gluten Free Quick-Cooking Rolled Oats","Reduced price","https://i5.walmartimages.com/asr/ef43b0c2-a823-48a1-8b78-f9e66127b4f0.f287a3d3e727ba7612c5c49b12766af4.jpeg?odnHeight=580&odnWidth=580&odnBg=FFFFFF","Add","Now $241.59","current price Now $241.59","","a2zbaazar","Bob's Red Mill 25 lb. Gluten Free Quick-Cooking Rolled Oats","","","","","Pickup available","in 3+ days","Delivery",""
"https://www.walmart.ca/en/ip/Eat-Happy-Too-160-New-Gluten-Free-Grain-Free-Low-Carb-Recipes-Made-from-Real-Foods-for-a-Joyful-Life/6UWJVCSJHE0W?classType=REGULAR&from=/search","Eat Happy, Too: 160+ New Gluten Free, Grain Free, Low Carb Recipes Made from Real Foods for a Joyful Life","","https://i5.walmartimages.com/asr/91b4d958-a79f-41f2-9f87-59e091c5a06c.6796c85b8deeccbd57dc9871fb4e4af9.jpeg?odnHeight=580&odnWidth=580&odnBg=FFFFFF","Add","$82.19","current price $82.19","","","Eat Happy, Too: 160+ New Gluten Free, Grain Free, Low Carb Recipes Made from Real Foods for a Joyful Life","2","5 out of 5 stars. 2 reviews","","","Pickup available","in 3+ days","Delivery",""
"https://www.walmart.ca/en/ip/Ruffles-Regular-Potato-Chips-Large-612g-Gluten-Free-6-CASE/4UOQ7HFXT2H4?classType=REGULAR&athbdg=L1700&from=/search","Ruffles Regular Potato Chips Large 612g - Gluten Free, (6/CASE)","Reduced price","https://i5.walmartimages.com/asr/5ac59efa-4544-40dc-9d0e-872175c615b1.04a41b935e083ba5fde6c3c0b8635163.png?odnHeight=580&odnWidth=580&odnBg=FFFFFF","Add","Now $86.98","current price Now $86.98","","Ruffles","Ruffles Regular Potato Chips Large 612g - Gluten Free, (6/CASE)","","","","","Pickup available","in 3+ days","Delivery",""
"https://www.walmart.ca/en/ip/Celiac-Disease-Safe-Unsafe-Food-List-and-Essential-Information-on-Living-with-a-Gluten-Free-Diet/0YVCHIBW8XKW?classType=REGULAR&from=/search","Celiac Disease: Safe/Unsafe Food List and Essential Information on Living with a Gluten Free Diet","","https://i5.walmartimages.com/asr/a0b06609-3e9a-4481-99f7-65172b67c563.146d00d9e41ed18b07f735babe0a8fb9.jpeg?odnHeight=580&odnWidth=580&odnBg=FFFFFF","Add","$43.51","current price $43.51","","","Celiac Disease: Safe/Unsafe Food List and Essential Information on Living with a Gluten Free Diet","","","","","Pickup available","in 3+ days","Delivery",""
"https://www.walmart.ca/en/ip/Mott-s-Fruitsations-Fruit-Flavoured-Snacks-Berry-Gluten-Free-10-ct-10-pouches-226-g/6000187517386?classType=REGULAR&from=/search","Mott's Fruitsations Fruit Flavoured Snacks, Berry, Gluten Free, 10 ct, 10 pouches, 226 g, 10 pouches, 226 g","","https://i5.walmartimages.com/asr/3abfaefa-dd6e-466d-a933-6aa1ca4d1d50.1fc3eb12a47f09472e5535ddd2e79dfe.jpeg?odnHeight=580&odnWidth=580&odnBg=FFFFFF","Add","$2.97","current price $2.97","$1.31/100g","Mott's Fruitsations","Mott's Fruitsations Fruit Flavoured Snacks, Berry, Gluten Free, 10 ct, 10 pouches, 226 g, 10 pouches, 226 g","51","4.7059 out of 5 stars. 51 reviews","Free Delivery with","https://i5.walmartimages.com/dfw/3ccc2d91-49dd/k2-_2dc6530f-2ead-40b6-8ec8-fedc1c0c8978.v1.png","Pickup","today","Delivery","today"
"https://www.walmart.ca/en/ip/Hellmann-s-Creamy-Coleslaw-Dressing-Gluten-Free-3-78L-Unit-2-Units-Case/72W9Q8LL0OHU?classType=REGULAR&athbdg=L1700&from=/search","Hellmann's Creamy Coleslaw Dressing, Gluten Free | 3.78L/Unit, 2 Units/Case","Reduced price","https://i5.walmartimages.com/asr/7e4d05c2-b115-441a-96f4-06494d88d5d0.b60e45ed687e8c56cd313ab354b04bcd.jpeg?odnHeight=580&odnWidth=580&odnBg=FFFFFF","Add","Now $95.80","current price Now $95.80","","a2zbaazar","Hellmann's Creamy Coleslaw Dressing, Gluten Free | 3.78L/Unit, 2 Units/Case","","","","","Pickup available","in 3+ days","Delivery",""
"https://www.walmart.ca/en/ip/Bob-s-Red-Mill-Biscuit-Baking-Mix-Gluten-Free-24-oz-680-g/69Y8CY5P4K3T?classType=REGULAR&from=/search","Bob's Red Mill, Biscuit & Baking Mix, Gluten Free, 24 oz ( 680 g)","","https://i5.walmartimages.com/asr/1a39de15-0145-49cd-ba1d-e91069338b97.ada93fc25feaa9e6311c624995432639.jpeg?odnHeight=580&odnWidth=580&odnBg=FFFFFF","Add","$23.21","current price $23.21","","Bob's Red Mill","Bob's Red Mill, Biscuit & Baking Mix, Gluten Free, 24 oz ( 680 g)","61","4.6721 out of 5 stars. 61 reviews","","","Pickup available","in 3+ days","Delivery",""
"https://www.walmart.ca/en/ip/Gluten-Free-in-Lizard-Lick-100-Gluten-Free-Recipes-for-Finger-Licking-Food-for-Your-Soul/604YSRD9O42U?classType=REGULAR&from=/search","Gluten-Free in Lizard Lick: 100 Gluten-Free Recipes for Finger-Licking Food for Your Soul","","https://i5.walmartimages.com/asr/d4647f0e-7b22-4726-bc73-72db41ecc862.1aedbe387d3e0260555c970d10ed23b3.jpeg?odnHeight=580&odnWidth=580&odnBg=FFFFFF","Add","$49.14","current price $49.14","","","Gluten-Free in Lizard Lick: 100 Gluten-Free Recipes for Finger-Licking Food for Your Soul","","","","","Pickup available","in 3+ days","Delivery",""
"https://www.walmart.ca/en/ip/JOY-Gluten-Free-Sugar-Cone-96-Case-Delicious-and-Gluten-Free-Treats/6BUJWL6VMWDE?classType=REGULAR&athbdg=L1700&from=/search","JOY Gluten-Free Sugar Cone - 96/Case | Delicious and Gluten-Free Treats","Reduced price","https://i5.walmartimages.com/asr/6c06c7ff-d6ab-413d-967c-c4e2619ff54b.f757c6f006468d194757f2c01ee86db7.jpeg?odnHeight=580&odnWidth=580&odnBg=FFFFFF","Add","Now $188.99","current price Now $188.99","","Joy","JOY Gluten-Free Sugar Cone - 96/Case | Delicious and Gluten-Free Treats","","","","","Pickup available","in 3+ days","Delivery",""
"https://www.walmart.ca/en/ip/Betty-Crocker-Fruit-Roll-Ups-Gluten-Free-Variety-Pack-Jolly-Rancher-Flavoured-Green-Apple-Watermelon/6000201708601?classType=REGULAR&athbdg=L3033&from=/search","Betty Crocker Fruit Roll-Ups Gluten Free Variety Pack Jolly Rancher Flavoured Green Apple Watermelon, 10 rolls, 141 g","3 for $8","https://i5.walmartimages.com/asr/2f56485a-4a2a-4f9a-a954-f345f81e841d.ce658baf1157e59e1eaaa5127bcbe2e8.jpeg?odnHeight=580&odnWidth=580&odnBg=FFFFFF","Add","$2.97","current price $2.97","$2.11/100g","Betty Crocker","Betty Crocker Fruit Roll-Ups Gluten Free Variety Pack Jolly Rancher Flavoured Green Apple Watermelon, 10 rolls, 141 g","67","4.4179 out of 5 stars. 67 reviews","Free Delivery with","https://i5.walmartimages.com/dfw/3ccc2d91-49dd/k2-_2dc6530f-2ead-40b6-8ec8-fedc1c0c8978.v1.png","Pickup","today","Delivery","today"
"https://www.walmart.ca/en/ip/Silk-Road-Vegetarian-Vegan-Vegetarian-and-Gluten-Free-Recipes-for-the-Mindful-Cook/6MVFTM59EWMC?classType=REGULAR&from=/search","Silk Road Vegetarian: Vegan, Vegetarian and Gluten Free Recipes for the Mindful Cook","","https://i5.walmartimages.com/asr/b159abcd-b9d4-45bd-82eb-6a908b717bb7_1.d843cc68634f5fa54ab6d0eeb986fa74.jpeg?odnHeight=580&odnWidth=580&odnBg=FFFFFF","Add","$35.48","current price $35.48","","","Silk Road Vegetarian: Vegan, Vegetarian and Gluten Free Recipes for the Mindful Cook","","","","","Pickup available","in 3+ days","Delivery",""
"https://www.walmart.ca/en/ip/Hellmann-s-Creamy-Caesar-Dressing-Gluten-Free-3-78L-Unit-2-Units-Case/7G32TA1XA7C1?classType=REGULAR&athbdg=L1700&from=/search","Hellmann's Creamy Caesar Dressing, Gluten Free | 3.78L/Unit, 2 Units/Case","Reduced price","https://i5.walmartimages.com/asr/e841b95d-d8d6-4b78-9f9a-00aeaaf1bf8f.0092e579b11e8de4cdedfd37409d5344.jpeg?odnHeight=580&odnWidth=580&odnBg=FFFFFF","Add","Now $107.07","current price Now $107.07","","a2zbaazar","Hellmann's Creamy Caesar Dressing, Gluten Free | 3.78L/Unit, 2 Units/Case","","","","","Pickup available","in 3+ days","Delivery",""
"https://www.walmart.ca/en/ip/Knorr-Culinary-Cream-Base-Gluten-Free-715G-Unit-6-Units-Case/3704SDQH1IQ0?classType=REGULAR&athbdg=L1700&from=/search","Knorr Culinary Cream Base, Gluten Free | 715G/Unit, 6 Units/Case","Reduced price","https://i5.walmartimages.com/asr/a9ea7b9d-3014-4b5f-9fb7-7efec0c93e85.f3e32cb3336ac3a8805b7cfca3ef4159.jpeg?odnHeight=580&odnWidth=580&odnBg=FFFFFF","Add","Now $94.98","current price Now $94.98","","a2zbaazar","Knorr Culinary Cream Base, Gluten Free | 715G/Unit, 6 Units/Case","","","","","Pickup available","in 3+ days","Delivery",""
"https://www.walmart.ca/en/ip/Hellmann-s-Golden-Italian-Dressing-Gluten-Free-3-78L-Unit-2-Units-Case/7391C46ONXWL?classType=REGULAR&athbdg=L1700&from=/search","Hellmann's Golden Italian Dressing, Gluten Free | 3.78L/Unit, 2 Units/Case","Reduced price","https://i5.walmartimages.com/asr/c3c3b49d-42ee-4aff-993f-dd147e3e7dbc.3d5022a13128eb98f79982bc43e24337.jpeg?odnHeight=580&odnWidth=580&odnBg=FFFFFF","Add","Now $93.50","current price Now $93.50","","a2zbaazar","Hellmann's Golden Italian Dressing, Gluten Free | 3.78L/Unit, 2 Units/Case","","","","","Pickup available","in 3+ days","Delivery",""
"https://www.walmart.ca/en/ip/Hellmann-s-Balsamic-Vinaigrette-Dressing-Gluten-Free-3-78L-Unit-2-Units-Case/1G5CYYHJ7QAS?classType=REGULAR&athbdg=L1700&from=/search","Hellmann's Balsamic Vinaigrette Dressing, Gluten Free | 3.78L/Unit, 2 Units/Case","Reduced price","https://i5.walmartimages.com/asr/2e213eaf-bec6-4a3c-9e1d-cab6ab09251e.1cee545c708674c331f7d719c8c9948f.jpeg?odnHeight=580&odnWidth=580&odnBg=FFFFFF","Add","Now $103.60","current price Now $103.60","","a2zbaazar","Hellmann's Balsamic Vinaigrette Dressing, Gluten Free | 3.78L/Unit, 2 Units/Case","","","","","Pickup available","in 3+ days","Delivery",""
"https://www.walmart.ca/en/ip/clif-builders-protein-bars-chocolate-mint-flavour-20g-of-protein-prepared-in-canada-gluten-free-no-artificial-sweeteners/10261745?classType=REGULAR&athbdg=L3048&from=/search","CLIF BUILDERS Protein Bars, Chocolate Mint Flavour, 20g of Protein, Prepared in Canada, Gluten Free, No Artificial Sweeteners, 68 g","Made In Canada","https://i5.walmartimages.ca/images/Enlarge/383/693/6000208383693.jpg?odnHeight=580&odnWidth=580&odnBg=FFFFFF","Add","$2.88","current price $2.88","$4.24/100g","Clif Bar","CLIF BUILDERS Protein Bars, Chocolate Mint Flavour, 20g of Protein, Prepared in Canada, Gluten Free, No Artificial Sweeteners, 68 g","1","4 out of 5 stars. 1 reviews","Free Delivery with","https://i5.walmartimages.com/dfw/3ccc2d91-49dd/k2-_2dc6530f-2ead-40b6-8ec8-fedc1c0c8978.v1.png","Pickup","today","Delivery","today"
"https://www.walmart.ca/en/ip/Larabar-Double-Chocolate-Truffle-Gluten-Free-Vegan-Fruit-Nut-Energy-Bars-16-ct/5GJ06XHU6B3C?classType=REGULAR&from=/search","Larabar Double Chocolate Truffle, Gluten Free Vegan Fruit & Nut Energy Bars, 16 ct, 720 g","","https://i5.walmartimages.com/asr/2f7b8648-09fd-49b8-bf0e-00f19893fdf0.1ec9bd3a178205b5af7783595570815c.jpeg?odnHeight=580&odnWidth=580&odnBg=FFFFFF","Add","$17.47","current price $17.47","","LARABAR","Larabar Double Chocolate Truffle, Gluten Free Vegan Fruit & Nut Energy Bars, 16 ct, 720 g","15","4.8 out of 5 stars. 15 reviews","Free Delivery with","https://i5.walmartimages.com/dfw/3ccc2d91-49dd/k2-_2dc6530f-2ead-40b6-8ec8-fedc1c0c8978.v1.png","Pickup","today","Delivery","today"
"https://www.walmart.ca/en/ip/Bake-Deliciously-Gluten-Dairy-Free-Cookbook/2XMNI1GRKOLT?classType=REGULAR&from=/search","Bake Deliciously!: Gluten & Dairy Free Cookbook","","https://i5.walmartimages.com/asr/735c44a5-b081-4ab1-b505-fdfe9d8d8a47.555967341e6ee4a6f763bc6acb896a5a.jpeg?odnHeight=580&odnWidth=580&odnBg=FFFFFF","Add","$41.11","current price $41.11","","","Bake Deliciously!: Gluten & Dairy Free Cookbook","","","","","Pickup available","in 3+ days","Delivery",""
"https://www.walmart.ca/en/ip/ELAN-Organic-Raw-Cashews-GMO-Gluten-Free-8-Count-185g/1SZJV5WOQBNS?classType=REGULAR&from=/search","ELAN Organic Raw Cashews (GMO & Gluten Free), 8 Count, 185g","","https://i5.walmartimages.com/asr/4c9898dc-f3d4-4bba-9ca0-d36ad9c6fffd.8790b15028883507ef5a28d3e96b7b40.jpeg?odnHeight=580&odnWidth=580&odnBg=FFFFFF","Add","$57.99","current price $57.99","","ELAN","ELAN Organic Raw Cashews (GMO & Gluten Free), 8 Count, 185g","","","","","Pickup available","in 3+ days","Delivery",""
"https://www.walmart.ca/en/ip/ELAN-Organic-Raw-Hazelnuts-GMO-Gluten-Free-8-Count-165g/601K9Q81WX8M?classType=REGULAR&from=/search","ELAN Organic Raw Hazelnuts (GMO & Gluten Free), 8 Count, 165g","","https://i5.walmartimages.com/asr/123b3db5-be0f-4e7f-9eb8-18f369e5b432.e70c977ce4fe8a72dcc68b1f8a77c2c9.jpeg?odnHeight=580&odnWidth=580&odnBg=FFFFFF","Add","$64.99","current price $64.99","","ELAN","ELAN Organic Raw Hazelnuts (GMO & Gluten Free), 8 Count, 165g","","","","","Pickup available","in 3+ days","Delivery",""
"https://www.walmart.ca/en/ip/Bob-s-Red-Mill-25-lb-Gluten-Free-Pizza-Crust-Mix/4E32840NOLDO?classType=REGULAR&athbdg=L1700&from=/search","Bob's Red Mill 25 lb. Gluten Free Pizza Crust Mix","Reduced price","https://i5.walmartimages.com/asr/04d2fcd1-042b-4355-8201-c00e77f34767.2df0aa87a40f4a680e8069cbf310b704.jpeg?odnHeight=580&odnWidth=580&odnBg=FFFFFF","Add","Now $251.94","current price Now $251.94","","a2zbaazar","Bob's Red Mill 25 lb. Gluten Free Pizza Crust Mix","","","","","Delivery","in 3+ days","",""
"https://www.walmart.ca/en/ip/Betty-Crocker-Paw-Patrol-Fruit-Flavoured-Snacks-Gluten-Free-22-ct/6K3ZM6KRF8GZ?classType=REGULAR&from=/search","Betty Crocker Paw Patrol Fruit Flavoured Snacks, Gluten Free, 22 ct, 498 g","","https://i5.walmartimages.com/asr/48c249e8-f23f-4ffe-bc55-2b8a10e18afd.fff8a7cd642121a700c55f9c043dbe64.jpeg?odnHeight=580&odnWidth=580&odnBg=FFFFFF","Add","$6.77","current price $6.77","","Betty Crocker","Betty Crocker Paw Patrol Fruit Flavoured Snacks, Gluten Free, 22 ct, 498 g","","","Free Delivery with","https://i5.walmartimages.com/dfw/3ccc2d91-49dd/k2-_2dc6530f-2ead-40b6-8ec8-fedc1c0c8978.v1.png","Pickup","today","Delivery","in 2 days"
"https://www.walmart.ca/en/ip/Bob-s-Red-Mill-25-lb-Gluten-Free-Organic-Brown-Rice-Flour/2VVWFHR2Y4T0?classType=REGULAR&athbdg=L1700&from=/search","Bob's Red Mill 25 lb. Gluten Free Organic Brown Rice Flour","Reduced price","https://i5.walmartimages.com/asr/d6729d57-6a49-4562-ad1b-d8cde664b85b.fa8b096dfb115fce0ef8f3244358a355.jpeg?odnHeight=580&odnWidth=580&odnBg=FFFFFF","Add","Now $227.79","current price Now $227.79","","Bob's Red Mill","Bob's Red Mill 25 lb. Gluten Free Organic Brown Rice Flour","","","","","Pickup available","in 3+ days","Delivery",""
"https://www.walmart.ca/en/ip/Hellmann-s-Creamy-Honey-Dijon-Dressing-Gluten-Free-3-78L-Unit-2-Units-Case/5E8W28KI7ETS?classType=REGULAR&athbdg=L1700&from=/search","Hellmann's Creamy Honey Dijon Dressing, Gluten Free | 3.78L/Unit, 2 Units/Case","Reduced price","https://i5.walmartimages.com/asr/3a38e77c-82d5-4a53-b77e-8b74265334ec.10f4ba3cff9dc8fc9c22553612532f6b.jpeg?odnHeight=580&odnWidth=580&odnBg=FFFFFF","Add","Now $103.01","current price Now $103.01","","a2zbaazar","Hellmann's Creamy Honey Dijon Dressing, Gluten Free | 3.78L/Unit, 2 Units/Case","","","","","Pickup available","in 3+ days","Delivery",""
"https://www.walmart.ca/en/ip/ELAN-Organic-Rainforest-Mix-GMO-Gluten-Free-8-Count-150g/4A5M9O8GHASY?classType=REGULAR&from=/search","ELAN Organic Rainforest Mix (GMO & Gluten Free), 8 Count, 150g","","https://i5.walmartimages.com/asr/cf9e0460-b30f-48fd-a7dc-7ce6b4c59c63.f8a155b4bdb61dd660f20a441505f3fd.jpeg?odnHeight=580&odnWidth=580&odnBg=FFFFFF","Add","$43.49","current price $43.49","","ELAN","ELAN Organic Rainforest Mix (GMO & Gluten Free), 8 Count, 150g","","","","","Pickup available","in 3+ days","Delivery",""
"https://www.walmart.ca/en/ip/Plant-It-Chili-Burrito-Bowl-Plant-Based-Gluten-Free-15G-of-Protein-per-Serving-Ready-in-7-Minutes/2OQZ4BU5MLFK?classType=REGULAR&athbdg=L1300&from=/search","Plant It Chili Burrito Bowl, Plant Based, Gluten Free. 15G of Protein per Serving, Ready in 7 Minutes!, Chili Burrito Bowl, is a 5 bean, plant-based chili with red peppers, rice and salsa! 15g of protein per serving.","Rollback","https://i5.walmartimages.com/asr/388062b1-4271-45de-9008-81bbcc9ed135.a76b48245a49eef7f436e11e98b5d64b.jpeg?odnHeight=580&odnWidth=580&odnBg=FFFFFF","Add","Now $7.97","current price Now $7.97","$2.45/100g","The Plant It Co.","Plant It Chili Burrito Bowl, Plant Based, Gluten Free. 15G of Protein per Serving, Ready in 7 Minutes!, Chili Burrito Bowl, is a 5 bean, plant-based chili with red peppers, rice and salsa! 15g of protein per serving.","1","5 out of 5 stars. 1 reviews","Free Delivery with","https://i5.walmartimages.com/dfw/3ccc2d91-49dd/k2-_2dc6530f-2ead-40b6-8ec8-fedc1c0c8978.v1.png","Pickup","today","Delivery","today"
"https://www.walmart.ca/en/ip/Hellmann-s-Garden-Herb-Vinaigrette-Dressing-Gluten-Free-3-78L-Unit-2-Units-Case/73R449WA9OP3?classType=REGULAR&athbdg=L1700&from=/search","Hellmann's Garden Herb Vinaigrette Dressing, Gluten Free | 3.78L/Unit, 2 Units/Case","Reduced price","https://i5.walmartimages.com/asr/fbe93b2a-4be2-4f52-a453-802178ee3f5c.3529a6a3c3b25a1772115d4d4dd1f927.jpeg?odnHeight=580&odnWidth=580&odnBg=FFFFFF","Add","Now $97.76","current price Now $97.76","","a2zbaazar","Hellmann's Garden Herb Vinaigrette Dressing, Gluten Free | 3.78L/Unit, 2 Units/Case","","","","","Pickup available","in 3+ days","Delivery",""
"https://www.walmart.ca/en/ip/Bob-s-Red-Mill-25-lb-Gluten-Free-Whole-Grain-Oat-Flour/1OB6MBOYFGTD?classType=REGULAR&athbdg=L1700&from=/search","Bob's Red Mill 25 lb. Gluten Free Whole Grain Oat Flour","Reduced price","https://i5.walmartimages.com/asr/4d943a8a-7fd5-4a41-a36b-606ccca3a763.b95c3f15f0b3c5893070162289d78832.jpeg?odnHeight=580&odnWidth=580&odnBg=FFFFFF","Add","Now $196.74","current price Now $196.74","","Bob's Red Mill","Bob's Red Mill 25 lb. Gluten Free Whole Grain Oat Flour","","","","","Pickup available","in 3+ days","Delivery",""
"https://www.walmart.ca/en/ip/ELAN-Organic-Mediterranean-Mix-GMO-Gluten-Free-8-Count-150g/4DBJVUX1R31I?classType=REGULAR&from=/search","ELAN Organic Mediterranean Mix (GMO & Gluten Free), 8 Count, 150g","","https://i5.walmartimages.com/asr/28b7328f-a8ee-473f-ac7d-a55e30c4709d.5d322ef7532ee8cb9d4428d1ff985d77.jpeg?odnHeight=580&odnWidth=580&odnBg=FFFFFF","Add","$43.99","current price $43.99","","ELAN","ELAN Organic Mediterranean Mix (GMO & Gluten Free), 8 Count, 150g","","","","","Pickup available","in 3+ days","Delivery",""
"https://www.walmart.ca/en/ip/The-Gluten-free-Cookbook/4IXMZ4TMEA44?classType=REGULAR&from=/search","The Gluten-free Cookbook","","https://i5.walmartimages.com/asr/daed8ca5-d823-4290-8b7f-67866e544172.c60eba5b67b4daaf97ea045dd8669bd8.jpeg?odnHeight=580&odnWidth=580&odnBg=FFFFFF","Add","$116.42","current price $116.42","","","The Gluten-free Cookbook","","","","","Pickup available","in 3+ days","Delivery",""
"https://www.walmart.ca/en/ip/ELAN-Organic-Wonder-Mix-GMO-Gluten-Free-8-Count-150g/4TDCMLSXY1J9?classType=REGULAR&from=/search","ELAN Organic Wonder Mix (GMO & Gluten Free), 8 Count, 150g","","https://i5.walmartimages.com/asr/377b19d2-67b2-4779-874f-e5bf409c7857.c4b0194affcaaabe9b3c57ccd75deed7.jpeg?odnHeight=580&odnWidth=580&odnBg=FFFFFF","Add","$35.99","current price $35.99","","ELAN","ELAN Organic Wonder Mix (GMO & Gluten Free), 8 Count, 150g","","","","","Pickup available","in 3+ days","Delivery",""
"https://www.walmart.ca/en/ip/Bob-s-Red-Mill-25-lb-Gluten-Free-Super-Fine-Blanched-Almond-Flour/4NGFJ0FFBAGJ?classType=REGULAR&athbdg=L1700&from=/search","Bob's Red Mill 25 lb. Gluten Free Super-Fine Blanched Almond Flour","Reduced price","https://i5.walmartimages.com/asr/7b9c5f5c-d788-4cb5-9320-fd71fba28059.9279ddc4b12897351bc3ee4e9a87a1c7.jpeg?odnHeight=580&odnWidth=580&odnBg=FFFFFF","Add","Now $519.99","current price Now $519.99","","a2zbaazar","Bob's Red Mill 25 lb. Gluten Free Super-Fine Blanched Almond Flour","","","","","Delivery","in 3+ days","",""
"https://www.walmart.ca/en/ip/Bob-s-Red-Mill-52-oz-Gluten-Free-Whole-Grain-Rolled-Oats/7KBH2N5G1D2F?classType=REGULAR&athbdg=L1700&from=/search","Bob's Red Mill 52 oz. Gluten Free Whole Grain Rolled Oats","Reduced price","https://i5.walmartimages.com/asr/fb923529-e04c-4d53-8ed9-c344f54a9546.a09507cc05f06a5088c111fc7f5041e1.jpeg?odnHeight=580&odnWidth=580&odnBg=FFFFFF","Add","Now $103.59","current price Now $103.59","","a2zbaazar","Bob's Red Mill 52 oz. Gluten Free Whole Grain Rolled Oats","","","","","Pickup available","in 3+ days","Delivery",""
"https://www.walmart.ca/en/ip/Bob-s-Red-Mill-25-lb-Gluten-Free-Organic-Brown-Rice-Flour/4KI5PT19PTV5?classType=REGULAR&athbdg=L1700&from=/search","Bob's Red Mill 25 lb. Gluten Free Organic Brown Rice Flour","Reduced price","https://i5.walmartimages.com/asr/5d8bcf22-8f44-4de5-8aca-4cb4d6c0e229.200f56fecef3ae5b55a6b216ca1e642e.jpeg?odnHeight=580&odnWidth=580&odnBg=FFFFFF","Add","Now $317.49","current price Now $317.49","","a2zbaazar","Bob's Red Mill 25 lb. Gluten Free Organic Brown Rice Flour","","","","","Delivery","in 3+ days","",""
"https://www.walmart.ca/en/ip/Plant-It-Biryani-Bowl-Plant-Based-Gluten-Free-15G-of-Protein-per-Serving-Ready-in-6-Minutes/7ICDEHZPQ55S?classType=REGULAR&athbdg=L1300&from=/search","Plant It Biryani Bowl - Plant Based, Gluten Free. 15G of Protein per Serving, Ready in 6 Minutes!, Biryani Bowl is dish with Chick'n chunks in Indian spices with raisins, cauliflower, spinach, peas served over Basmati rice! 14g of protein per serving.","Rollback","https://i5.walmartimages.com/asr/fcfb9b97-1691-41c9-8f43-d1c19ca92eb6.8ec12cd3535b6cc333b500147cbd284f.jpeg?odnHeight=580&odnWidth=580&odnBg=FFFFFF","Add","Now $7.97","current price Now $7.97","$2.45/100g","The Plant It Co.","Plant It Biryani Bowl - Plant Based, Gluten Free. 15G of Protein per Serving, Ready in 6 Minutes!, Biryani Bowl is dish with Chick'n chunks in Indian spices with raisins, cauliflower, spinach, peas served over Basmati rice! 14g of protein per serving.","3","3.6667 out of 5 stars. 3 reviews","Free Delivery with","https://i5.walmartimages.com/dfw/3ccc2d91-49dd/k2-_2dc6530f-2ead-40b6-8ec8-fedc1c0c8978.v1.png","Pickup","today","Delivery","today"
"https://www.walmart.ca/en/ip/Make-Ahead-Paleo-Healthy-Gluten-Grain-and-Dairy-Free-Recipes-Ready-When-and-Where-You-are/295NY3POEXUA?classType=REGULAR&from=/search","Make-Ahead Paleo: Healthy Gluten, Grain and Dairy Free Recipes Ready When and Where You are","","https://i5.walmartimages.com/asr/13d81789-afce-4b4b-ac42-67e638a766e4.46c6eb57869d3edb521a4edfd2f354be.jpeg?odnHeight=580&odnWidth=580&odnBg=FFFFFF","Add","$42.08","current price $42.08","","Victory Belt Publishing","Make-Ahead Paleo: Healthy Gluten, Grain and Dairy Free Recipes Ready When and Where You are","1","5 out of 5 stars. 1 reviews","","","Pickup available","in 3+ days","Delivery",""
"https://www.walmart.ca/en/ip/Mughal-Royal-Diamond-Basmati-Rice-10-lbs-4-54-kg-Extra-long-grains-Aromatic-Gluten-Free-BRC-Certified/57DK1XM559DC?classType=REGULAR&from=/search","Mughal Royal Diamond Basmati Rice, 10 lbs (4.54 kg), Extra-long grains, Aromatic, Gluten Free,  BRC Certified","","https://i5.walmartimages.com/asr/de230e81-70d0-48b6-a13c-771e030896d4.4dbd35036377e2392f27dd4ad0c3fdd5.jpeg?odnHeight=580&odnWidth=580&odnBg=FFFFFF","Add","$18.99","current price $18.99","","Mughal","Mughal Royal Diamond Basmati Rice, 10 lbs (4.54 kg), Extra-long grains, Aromatic, Gluten Free,  BRC Certified","1","5 out of 5 stars. 1 reviews","","","Pickup available","in 2 days","Delivery",""
"https://www.walmart.ca/en/ip/Joy-12-Count-Gluten-Free-Sugar-Ice-Cream-Cones-8-Case/4SA57BVSVQ46?classType=REGULAR&athbdg=L1700&from=/search","Joy 12 Count Gluten Free Sugar Ice Cream Cones - 8/Case","Reduced price","https://i5.walmartimages.com/asr/cca27b1f-8062-4e46-8083-b7f08a743d50.372a8bc31dd2d15e11729b8090b73f52.jpeg?odnHeight=580&odnWidth=580&odnBg=FFFFFF","Add","Now $115.98","current price Now $115.98","","a2zbaazar","Joy 12 Count Gluten Free Sugar Ice Cream Cones - 8/Case","","","","","Pickup available","in 3+ days","Delivery",""
"https://www.walmart.ca/en/ip/ELAN-Organic-Safari-Mix-GMO-Gluten-Free-8-Count-150g/4VMQXWBUDRHQ?classType=REGULAR&from=/search","ELAN Organic Safari Mix (GMO & Gluten Free), 8 Count, 150g","","https://i5.walmartimages.com/asr/ffc19662-4e8f-4627-bf40-c4b731573026.ab199c0410621c70f9e7bd297eb81f59.jpeg?odnHeight=580&odnWidth=580&odnBg=FFFFFF","Add","$40.69","current price $40.69","","ELAN","ELAN Organic Safari Mix (GMO & Gluten Free), 8 Count, 150g","","","","","Pickup available","in 3+ days","Delivery",""
"https://www.walmart.ca/en/ip/Mughal-Royal-Super-Kernel-Basmati-Rice-Non-GMO-Gluten-Free-Aromatic-BRC-Certified-10lbs-4-5-kg/26GKT4VRJTSW?classType=REGULAR&from=/search","Mughal Royal Super Kernel Basmati Rice, Non-GMO, Gluten Free, Aromatic, BRC Certified, 10lbs (4.5 kg)","","https://i5.walmartimages.com/asr/c9628b48-26cc-4b7f-8785-a977461ece00.d575574d6ed8710e756be45816fb69a6.jpeg?odnHeight=580&odnWidth=580&odnBg=FFFFFF","Add","$16.99","current price $16.99","","Mughal","Mughal Royal Super Kernel Basmati Rice, Non-GMO, Gluten Free, Aromatic, BRC Certified, 10lbs (4.5 kg)","2","5 out of 5 stars. 2 reviews","","","Pickup available","in 2 days","Delivery",""
"https://www.walmart.ca/en/ip/Amazin-Choices-Almond-Chocolate-Dried-Mango-Gluten-Free-Vegan-Non-GMO-10-Pack/3URONESK7NDT?classType=REGULAR&from=/search","Amazin Choices Almond Chocolate Dried Mango, Gluten Free, Vegan, Non GMO, 10-Pack","","https://i5.walmartimages.com/asr/76298207-39fe-4850-92e9-c9e4465fc494.b108c3026228e0dbadfa0c054e8522ff.jpeg?odnHeight=580&odnWidth=580&odnBg=FFFFFF","Add","$18.49","current price $18.49","","Amazin Choices","Amazin Choices Almond Chocolate Dried Mango, Gluten Free, Vegan, Non GMO, 10-Pack","","","","","Pickup available","in 2 days","Delivery",""
"https://www.walmart.ca/en/ip/Pillsbury-Funfetti-Premium-Cake-and-Cupcake-Mix-with-Candy-Bits-Gluten-Free-1-lb-1-oz-482-g/4TJ46FNE8D6R?classType=REGULAR&from=/search","Pillsbury, Funfetti Premium Cake and Cupcake Mix with Candy Bits, Gluten Free, 1 lb 1 oz (482 g)","","https://i5.walmartimages.com/asr/70a87088-14c7-4d58-b695-00742499b6c9.02fae69fac8bf7044043b1701c9ed6eb.jpeg?odnHeight=580&odnWidth=580&odnBg=FFFFFF","Add","$20.63","current price $20.63","","Pillsbury","Pillsbury, Funfetti Premium Cake and Cupcake Mix with Candy Bits, Gluten Free, 1 lb 1 oz (482 g)","21","3.7143 out of 5 stars. 21 reviews","","","Pickup available","in 3+ days","Delivery",""
"https://www.walmart.ca/en/ip/Mughal-Royal-Gold-Parboiled-Basmati-Rice-4-5-kg-Extra-Long-Grains-Gluten-Free-BRC-Certified-Non-GMO/7AFLYT0IKGQQ?classType=REGULAR&from=/search","Mughal Royal Gold Parboiled Basmati Rice, 4.5 kg, Extra Long Grains, Gluten Free, BRC Certified, Non-GMO","","https://i5.walmartimages.com/asr/aa00eaef-eacf-4282-af3b-3ce00dc3a361.f46223707970466a82acc00ccbc36409.jpeg?odnHeight=580&odnWidth=580&odnBg=FFFFFF","Add","$16.99","current price $16.99","","Mughal","Mughal Royal Gold Parboiled Basmati Rice, 4.5 kg, Extra Long Grains, Gluten Free, BRC Certified, Non-GMO","1","5 out of 5 stars. 1 reviews","","","Pickup available","in 2 days","Delivery",""
"https://www.walmart.ca/en/ip/Bob-s-Red-Mill-25-lb-Gluten-Free-Whole-Grain-Sorghum-Flour/204V1U9556JU?classType=REGULAR&athbdg=L1700&from=/search","Bob's Red Mill 25 lb. Gluten Free Whole Grain Sorghum Flour","Reduced price","https://i5.walmartimages.com/asr/f025a233-71a6-4bd6-bef8-02616703368c.fcf35e49ddd77a5f144fac08fbd18970.jpeg?odnHeight=580&odnWidth=580&odnBg=FFFFFF","Add","Now $174.89","current price Now $174.89","","Bob's Red Mill","Bob's Red Mill 25 lb. Gluten Free Whole Grain Sorghum Flour","","","","","Pickup available","in 3+ days","Delivery",""
"https://www.walmart.ca/en/ip/Bob-s-Red-Mill-Gluten-Free-Super-Fine-Blanched-Almond-Flour-25LBS/7K2WDEXPS5IC?classType=REGULAR&athbdg=L1700&from=/search","Bob's Red Mill Gluten Free Super Fine Blanched Almond Flour 25LBS","Reduced price","https://i5.walmartimages.com/asr/4bcb5388-7c15-4f06-87cf-997ce6e42f86.c06963794e2b5e513cb581f7555132f9.jpeg?odnHeight=580&odnWidth=580&odnBg=FFFFFF","Add","Now $438.98","current price Now $438.98","","Bob's Red Mill","Bob's Red Mill Gluten Free Super Fine Blanched Almond Flour 25LBS","","","","","Delivery","in 3+ days","",""
"https://www.walmart.ca/en/ip/Gluten-Free-101/4B5JAQRWL4G6?classType=REGULAR&from=/search","Gluten-Free 101","","https://i5.walmartimages.com/asr/75a9bf6c-84b2-4ffa-b0c8-7c150b11dca8_1.436b388b97bfa4960cf760982d5c68c8.jpeg?odnHeight=580&odnWidth=580&odnBg=FFFFFF","Add","$45.85","current price $45.85","","","Gluten-Free 101","","","","","Pickup available","in 3+ days","Delivery",""
"https://www.walmart.ca/en/ip/Special-K-Dark-Chocolate-Granola-Bars-Gluten-Free-25X33G-Unit-3-Units-Case/4I48ND2LM75S?classType=REGULAR&athbdg=L1700&from=/search","Special K Dark Chocolate Granola Bars, Gluten Free | 25X33G/Unit, 3 Units/Case","Reduced price","https://i5.walmartimages.com/asr/15846f47-1186-4da4-89ad-a717e3a9e08b.452aba24406d609ec8299e6319723eeb.jpeg?odnHeight=580&odnWidth=580&odnBg=FFFFFF","Add","Now $136.31","current price Now $136.31","","a2zbaazar","Special K Dark Chocolate Granola Bars, Gluten Free | 25X33G/Unit, 3 Units/Case","","","","","Pickup available","in 3+ days","Delivery",""
"https://www.walmart.ca/en/ip/The-Gluten-Free-Gourmet-Cooks-Fast-and-Healthy-Wheat-Free-and-Gluten-Free-with-Less-Fuss-and-Less-Fat/0VI4JXEIEU0R?classType=REGULAR&from=/search","The Gluten-Free Gourmet Cooks Fast and Healthy: Wheat-Free and Gluten-Free with Less Fuss and Less Fat","","https://i5.walmartimages.com/asr/d9b05f2d-e127-43f2-962c-53a82b4e9e5e_1.a73d3ac9933f8758aa3947c2a7c3c8ba.jpeg?odnHeight=580&odnWidth=580&odnBg=FFFFFF","Add","$32.92","current price $32.92","","","The Gluten-Free Gourmet Cooks Fast and Healthy: Wheat-Free and Gluten-Free with Less Fuss and Less Fat","","","","","Pickup available","in 3+ days","Delivery",""
"https://www.walmart.ca/en/ip/Gluten-Free-for-Beginners/68TXSUCN5XS6?classType=REGULAR&from=/search","Gluten-Free for Beginners","","https://i5.walmartimages.com/asr/bb8fd8ab-f57b-41c4-bfd4-6dacaed7719a.d42f26947162640ad47a84aed84b4a11.jpeg?odnHeight=580&odnWidth=580&odnBg=FFFFFF","Add","$76.81","current price $76.81","","","Gluten-Free for Beginners","","","","","Pickup available","in 3+ days","Delivery",""
"https://www.walmart.ca/en/ip/galactic-brownie-20-g-of-protein-gluten-free-6-x-50-g-bars/6000207649663?classType=REGULAR&athbdg=L3048&from=/search","GALACTIC BROWNIE, 20 g of protein, gluten free, 6 X 50 g bars, New Look! Pure Protein bars feature the winning combination of high protein and great taste.","Made In Canada","https://i5.walmartimages.ca/images/Enlarge/933/694/6000207933694.jpg?odnHeight=580&odnWidth=580&odnBg=FFFFFF","Add","$10.47","current price $10.47","$20.94/100g","Pure Protein","GALACTIC BROWNIE, 20 g of protein, gluten free, 6 X 50 g bars, New Look! Pure Protein bars feature the winning combination of high protein and great taste.","13","3.3077 out of 5 stars. 13 reviews","Free Delivery with","https://i5.walmartimages.com/dfw/3ccc2d91-49dd/k2-_2dc6530f-2ead-40b6-8ec8-fedc1c0c8978.v1.png","Pickup available","today","Delivery",""
"https://www.walmart.ca/en/ip/ELAN-Organic-Himalayan-Sunshine-Mix-GMO-Gluten-Free-8-Count-150g/1N5E192H99DK?classType=REGULAR&from=/search","ELAN Organic Himalayan Sunshine Mix (GMO & Gluten Free), 8 Count, 150g","","https://i5.walmartimages.com/asr/13aae97c-e277-42cc-970d-d3645fdcac73.09ec29dda05491a7a7d798991ab1cb59.jpeg?odnHeight=580&odnWidth=580&odnBg=FFFFFF","Add","$43.49","current price $43.49","","ELAN","ELAN Organic Himalayan Sunshine Mix (GMO & Gluten Free), 8 Count, 150g","","","","","Pickup available","in 3+ days","Delivery",""
"https://www.walmart.ca/en/ip/Dr-Oetker-Instant-Brown-Gravy-Mix-Gluten-Free-480G-Unit-6-Units-Case/26UZW4VJ6JYY?classType=REGULAR&athbdg=L1700&from=/search","Dr. Oetker Instant Brown Gravy Mix, Gluten Free | 480G/Unit, 6 Units/Case","Reduced price","https://i5.walmartimages.com/asr/2fd8ae1a-951f-4054-9311-a32902f15aff.47534e2cf0b1b0190510816567e88b45.png?odnHeight=580&odnWidth=580&odnBg=FFFFFF","Add","Now $97.12","current price Now $97.12","","a2zbaazar","Dr. Oetker Instant Brown Gravy Mix, Gluten Free | 480G/Unit, 6 Units/Case","","","","","Pickup available","in 3+ days","Delivery",""
"https://www.walmart.ca/en/ip/Bob-s-Red-Mill-4-lb-Gluten-Free-1-to-1-Baking-Flour-4-Case/65U7FQZ2M3QD?classType=REGULAR&athbdg=L1700&from=/search","Bob's Red Mill 4 lb. Gluten Free 1-to-1 Baking Flour - 4/Case","Reduced price","https://i5.walmartimages.com/asr/f6ab633d-515d-48eb-a5f8-708d8fd7ea5c.3d052c8195e1ca22241cdc92ac834bdd.jpeg?odnHeight=580&odnWidth=580&odnBg=FFFFFF","Add","Now $249.64","current price Now $249.64","","a2zbaazar","Bob's Red Mill 4 lb. Gluten Free 1-to-1 Baking Flour - 4/Case","","","","","Pickup available","in 3+ days","Delivery",""
"https://www.walmart.ca/en/ip/ELAN-Organic-Sea-Salted-Pistachios-GMO-Gluten-Free-8-Count-135g/70WDE0WXC38L?classType=REGULAR&from=/search","ELAN Organic Sea Salted Pistachios (GMO & Gluten Free), 8 Count, 135g","","https://i5.walmartimages.com/asr/0fdd06f2-cda0-4ffa-ac73-9645d8fd7ddd.c95e990fc124ac71fe50a4339c23adaf.jpeg?odnHeight=580&odnWidth=580&odnBg=FFFFFF","Add","$64.99","current price $64.99","","ELAN","ELAN Organic Sea Salted Pistachios (GMO & Gluten Free), 8 Count, 135g","","","","","Pickup available","in 3+ days","Delivery",""
"https://www.walmart.ca/en/ip/The-Gluten-Free-Cookbook/1C7O707N1GX9?classType=REGULAR&from=/search","The Gluten-Free Cookbook","","https://i5.walmartimages.com/asr/8d32d17b-d477-4b2c-9c6f-26b0ea0c9381.e35834bcf6e918079611f8f60a6cd25b.jpeg?odnHeight=580&odnWidth=580&odnBg=FFFFFF","Add","$86.78","current price $86.78","","Phaidon Press","The Gluten-Free Cookbook","","","","","Pickup available","in 3+ days","Delivery",""
"https://www.walmart.ca/en/ip/Diet-Intervention-and-Autism-Implementing-the-Gluten-Free-and-Casein-Free-Diet-for-Autistic-Children-and-Adults-A-Practical-Guide-for-Parents/5PI0J63B6UOG?classType=REGULAR&from=/search","Diet Intervention and Autism: Implementing the Gluten Free and Casein Free Diet for Autistic Children and Adults - A Practical Guide for Parents","","https://i5.walmartimages.com/asr/ed60fbe6-0305-46e6-a713-229ac117fd6c.cdca1881ec6cd902335badf4088fc7a0.jpeg?odnHeight=580&odnWidth=580&odnBg=FFFFFF","Add","$48.86","current price $48.86","","","Diet Intervention and Autism: Implementing the Gluten Free and Casein Free Diet for Autistic Children and Adults - A Practical Guide for Parents","","","","","Pickup available","in 3+ days","Delivery",""
"https://www.walmart.ca/en/ip/Gluten-Free-Made-Easy/2XEWEPDTJL5W?classType=REGULAR&from=/search","Gluten-Free Made Easy","","https://i5.walmartimages.com/asr/73284c82-ea3f-43db-a99d-3445129bf0c1.efd3abc81d392bbef9bb2e3341de209c.jpeg?odnHeight=580&odnWidth=580&odnBg=FFFFFF","Add","$43.86","current price $43.86","","","Gluten-Free Made Easy","","","","","Pickup available","in 3+ days","Delivery",""
"https://www.walmart.ca/en/ip/clif-builders-protein-bars-vanilla-almond-flavour-20-g-of-protein-prepared-in-canada-gluten-free-no-artificial-flavours/6000208233121?classType=REGULAR&athbdg=L3048&from=/search","CLIF BUILDERS Protein Bars, Vanilla Almond Flavour, 20 g of Protein, Prepared in Canada, Gluten Free, No Artificial Flavours, 68 g","Made In Canada","https://i5.walmartimages.ca/images/Enlarge/383/765/6000208383765.jpg?odnHeight=580&odnWidth=580&odnBg=FFFFFF","Add","$2.88","current price $2.88","$4.24/100g","Clif Bar","CLIF BUILDERS Protein Bars, Vanilla Almond Flavour, 20 g of Protein, Prepared in Canada, Gluten Free, No Artificial Flavours, 68 g","2","4.5 out of 5 stars. 2 reviews","Free Delivery with","https://i5.walmartimages.com/dfw/3ccc2d91-49dd/k2-_2dc6530f-2ead-40b6-8ec8-fedc1c0c8978.v1.png","Pickup","today","Delivery","today"
"https://www.walmart.ca/en/ip/Bob-s-Red-Mill-52-oz-Gluten-Free-Whole-Grain-Rolled-Oats-4-Case/5MI1HU46A6XY?classType=REGULAR&athbdg=L1700&from=/search","Bob's Red Mill 52 oz. Gluten Free Whole Grain Rolled Oats - 4/Case","Reduced price","https://i5.walmartimages.com/asr/ba6b83bc-3b86-4d9e-ac2f-6d0cbddec947.5df9fc849cfeef2267cddc9f4b182c87.jpeg?odnHeight=580&odnWidth=580&odnBg=FFFFFF","Add","Now $171.44","current price Now $171.44","","a2zbaazar","Bob's Red Mill 52 oz. Gluten Free Whole Grain Rolled Oats - 4/Case","","","","","Pickup available","in 3+ days","Delivery",""
"https://www.walmart.ca/en/ip/The-Gluten-Free-Cookbook-for-Slow-Cookers-A-Delicious-Variety-of-Easy-Gluten-Free-Recipes-for-Every-Meal/26US2ZIC4R74?classType=REGULAR&from=/search","The Gluten-Free Cookbook for Slow Cookers: A Delicious Variety of Easy Gluten-Free Recipes for Every Meal","","https://i5.walmartimages.com/asr/6f788ebd-7e29-44c4-b547-f839206f3fc7.df3ee5810cd7d68ab57966e025b73e4a.jpeg?odnHeight=580&odnWidth=580&odnBg=FFFFFF","Add","$58.78","current price $58.78","","","The Gluten-Free Cookbook for Slow Cookers: A Delicious Variety of Easy Gluten-Free Recipes for Every Meal","","","","","Pickup available","in 3+ days","Delivery",""
"https://www.walmart.ca/en/ip/Arrowhead-Mills-Gluten-Free-Flours/5XLF7OTLHN6X?classType=REGULAR&from=/search","Arrowhead Mills - Gluten-Free Flours","","https://i5.walmartimages.com/asr/2b765124-761d-46c3-a829-6e5a80daa1ce.a20d1f32605a0d631d35dd6e893f9503.jpeg?odnHeight=580&odnWidth=580&odnBg=FFFFFF","Add","$22.23","current price $22.23","","Arrowhead Mills","Arrowhead Mills - Gluten-Free Flours","18","4.7222 out of 5 stars. 18 reviews","","","Pickup available","in 3+ days","Delivery",""
"https://www.walmart.ca/en/ip/True-Roots-A-Mindful-Kitchen-with-More-Than-100-Recipes-Free-of-Gluten-Dairy-and-Refined-Sugar/58MFF5S4P2VK?classType=REGULAR&from=/search","True Roots: A Mindful Kitchen with More Than 100 Recipes Free of Gluten, Dairy, and Refined Sugar","","https://i5.walmartimages.com/asr/56d6c667-d7ae-4574-b354-b48c10dada69_1.9e079c7da54274a6cd56065f3039cf90.jpeg?odnHeight=580&odnWidth=580&odnBg=FFFFFF","Add","$39.96","current price $39.96","","Rodale Books","True Roots: A Mindful Kitchen with More Than 100 Recipes Free of Gluten, Dairy, and Refined Sugar","3","5 out of 5 stars. 3 reviews","","","Pickup available","in 3+ days","Delivery",""
"https://www.walmart.ca/en/ip/Andy-Anand-Gluten-Free-Cherry-Cake-9-Delectable-Gift-Box-Amazing-Delicious-Decadent-2-9-lbs/4DUP2E95G5YW?classType=REGULAR&from=/search","Andy Anand Gluten Free Cherry Cake 9"", Delectable Gift Box, Amazing-Delicious-Decadent (2.9 lbs)…","","https://i5.walmartimages.com/asr/205e2cdc-d057-4dc1-bca8-324c6b1a887e.9c0948b5cbb90dc683a149cd33429451.jpeg?odnHeight=580&odnWidth=580&odnBg=FFFFFF","Add","$107.74","current price $107.74","","Andy Anand","Andy Anand Gluten Free Cherry Cake 9"", Delectable Gift Box, Amazing-Delicious-Decadent (2.9 lbs)…","","","","","Pickup available","in 3+ days","Delivery",""
"https://www.walmart.ca/en/ip/The-Gluten-Free-Nutrition-Guide/2P6X96A6NGE0?classType=REGULAR&from=/search","The Gluten-Free Nutrition Guide","","https://i5.walmartimages.com/asr/3b4f15e9-06d4-4b58-9913-5f9306aa54bd_1.6c74c00a9778d3b483f7ef69dfa26f87.jpeg?odnHeight=580&odnWidth=580&odnBg=FFFFFF","Add","$34.38","current price $34.38","","McGraw Hill","The Gluten-Free Nutrition Guide","","","","","Pickup available","in 3+ days","Delivery",""
"https://www.walmart.ca/en/ip/CLIF-BUILDERS-Protein-Bars-Chocolate-Mint-Flavour-20g-of-Protein-Prepared-in-Canada-Gluten-Free-No-Artificial-Sweeteners-Pack-of-6/6000193174137?classType=REGULAR&athbdg=L3048&from=/search","CLIF BUILDERS Protein Bars, Chocolate Mint Flavour, 20g of Protein, Prepared in Canada, Gluten Free, No Artificial Sweeteners, (Pack of 6), 408 g","Made In Canada","https://i5.walmartimages.com/asr/8e3e4786-fcdf-4559-bd3e-b8fe64cba55a.c7190ffa7a48ece1682cac135dc94fcc.jpeg?odnHeight=580&odnWidth=580&odnBg=FFFFFF","Add","$14.97","current price $14.97","$22.01/100g","Clif Bar","CLIF BUILDERS Protein Bars, Chocolate Mint Flavour, 20g of Protein, Prepared in Canada, Gluten Free, No Artificial Sweeteners, (Pack of 6), 408 g","37","4.4865 out of 5 stars. 37 reviews","Free Delivery with","https://i5.walmartimages.com/dfw/3ccc2d91-49dd/k2-_2dc6530f-2ead-40b6-8ec8-fedc1c0c8978.v1.png","Pickup","today","Delivery","today"
"https://www.walmart.ca/en/ip/clif-builders-protein-bars-chocolate-peanut-butter-flavour-20g-of-protein-prepared-in-canada-gluten-free-no-artificial-sweeteners-pack-of-6/6000193174134?classType=REGULAR&athbdg=L3048&from=/search","CLIF BUILDERS Protein Bars, Chocolate Peanut Butter Flavour, 20g of Protein, Prepared in Canada, Gluten Free, No Artificial Sweeteners, (Pack of 6), 408 g","Made In Canada","https://i5.walmartimages.ca/images/Enlarge/057/892/6000209057892.jpg?odnHeight=580&odnWidth=580&odnBg=FFFFFF","Add","$14.97","current price $14.97","$22.01/100g","Clif Bar","CLIF BUILDERS Protein Bars, Chocolate Peanut Butter Flavour, 20g of Protein, Prepared in Canada, Gluten Free, No Artificial Sweeteners, (Pack of 6), 408 g","70","4.3 out of 5 stars. 70 reviews","Free Delivery with","https://i5.walmartimages.com/dfw/3ccc2d91-49dd/k2-_2dc6530f-2ead-40b6-8ec8-fedc1c0c8978.v1.png","Pickup","today","Delivery","in 2 days"
"https://www.walmart.ca/en/ip/clif-builders-protein-bars-chocolate-flavour-20g-of-protein-prepared-in-canada-gluten-free-no-artificial-sweeteners/10260582?classType=REGULAR&athbdg=L3048&from=/search","CLIF BUILDERS Protein Bars, Chocolate Flavour, 20g of Protein, Prepared in Canada, Gluten Free, No Artificial Sweeteners, 68 g","Made In Canada","https://i5.walmartimages.ca/images/Enlarge/383/598/6000208383598.jpg?odnHeight=580&odnWidth=580&odnBg=FFFFFF","Add","$2.88","current price $2.88","$4.24/100g","Clif Bar","CLIF BUILDERS Protein Bars, Chocolate Flavour, 20g of Protein, Prepared in Canada, Gluten Free, No Artificial Sweeteners, 68 g","","","Free Delivery with","https://i5.walmartimages.com/dfw/3ccc2d91-49dd/k2-_2dc6530f-2ead-40b6-8ec8-fedc1c0c8978.v1.png","Pickup","today","Delivery","today"
"https://www.walmart.ca/en/ip/The-Whole-Pregnancy-A-Complete-Nutrition-Plan-for-Gluten-Free-Moms-to-Be/1BUBQ97QD61W?classType=REGULAR&from=/search","The Whole Pregnancy: A Complete Nutrition Plan for Gluten-Free Moms to Be","","https://i5.walmartimages.com/asr/8e8745fe-87dc-49aa-b5f4-10367d867f00_1.ba2f369ceed37bbd5183ca5c5c637360.jpeg?odnHeight=580&odnWidth=580&odnBg=FFFFFF","Add","$54.55","current price $54.55","","Skyhorse","The Whole Pregnancy: A Complete Nutrition Plan for Gluten-Free Moms to Be","5","5 out of 5 stars. 5 reviews","","","Pickup available","in 3+ days","Delivery",""
"https://www.walmart.ca/en/ip/Everything-You-Want-to-Know-About-A-Gluten-Free-Lifestyle-in-the-State-of-California-Resource-Information-on-Everyday-Life-for-Gluten-Free-People/6KZAWIKX4RK1?classType=REGULAR&from=/search","Everything You Want to Know About A Gluten-Free Lifestyle in the State of California: Resource Information on Everyday Life for Gluten-Free People","","https://i5.walmartimages.com/asr/8ff6df59-cb33-4cf5-8c00-b39181f77c14.c09ff918b165d049bdbbbd2fd6dc2f60.jpeg?odnHeight=580&odnWidth=580&odnBg=FFFFFF","Add","$72.34","current price $72.34","","","Everything You Want to Know About A Gluten-Free Lifestyle in the State of California: Resource Information on Everyday Life for Gluten-Free People","","","","","Pickup available","in 3+ days","Delivery",""
"https://www.walmart.ca/en/ip/PAN-White-Corn-Meal-Pre-cooked-Gluten-Free-and-Kosher-Flour-for-Arepas-1-Kg-10-CASE/653SR5WPOTE0?classType=REGULAR&athbdg=L1700&from=/search","PAN White Corn Meal - Pre-cooked Gluten Free and Kosher Flour for Arepas, 1 Kg (10/CASE)","Reduced price","https://i5.walmartimages.com/asr/f2f31eca-2e46-48d6-9230-427192389027.896431a4b7f4b6c402e5a8ad4c359623.png?odnHeight=580&odnWidth=580&odnBg=FFFFFF","Add","Now $69.98","current price Now $69.98","","P.A.N.","PAN White Corn Meal - Pre-cooked Gluten Free and Kosher Flour for Arepas, 1 Kg (10/CASE)","","","","","Pickup available","in 3+ days","Delivery",""
"https://www.walmart.ca/en/ip/JOY-Flat-Bottom-Gluten-Free-Cake-Cone-96-Case-Delicious-Treats-for-Gluten-Free-Enjoyment/1YHHESN98LBH?classType=REGULAR&athbdg=L1700&from=/search","JOY Flat Bottom Gluten-Free Cake Cone - 96/Case | Delicious Treats for Gluten-Free Enjoyment","Reduced price","https://i5.walmartimages.com/asr/0132cc41-d828-44ae-94a4-8ba9b0d36e05.650fa2cdbcb19dd2d4b7b3104448ffa0.jpeg?odnHeight=580&odnWidth=580&odnBg=FFFFFF","Add","Now $189.00","current price Now $189.00","","Joy","JOY Flat Bottom Gluten-Free Cake Cone - 96/Case | Delicious Treats for Gluten-Free Enjoyment","","","","","Pickup available","in 3+ days","Delivery",""
"https://www.walmart.ca/en/ip/Gluten-Free-Vegan-Comfort-Food/5NVLHKH5YGTE?classType=REGULAR&from=/search","Gluten-Free Vegan Comfort Food","","https://i5.walmartimages.com/asr/970367d5-791b-4fce-975b-79c9badcd634_1.fccf1aade52d5fd542e3d1f842456beb.jpeg?odnHeight=580&odnWidth=580&odnBg=FFFFFF","Add","$40.90","current price $40.90","","","Gluten-Free Vegan Comfort Food","1","2 out of 5 stars. 1 reviews","","","Pickup available","in 3+ days","Delivery",""
"https://www.walmart.ca/en/ip/Gluten-Free-Vegan-Baking-75-Classics-and-New-Creations-to-Celebrate/74RND3TWRGAQ?classType=REGULAR&from=/search","Gluten-Free Vegan Baking: 75 Classics and New Creations to Celebrate","","https://i5.walmartimages.com/asr/9d21c6bf-717e-4d60-a9b4-bd8cde449665.9774133a1128aa4ee745952360593a5a.jpeg?odnHeight=580&odnWidth=580&odnBg=FFFFFF","Add","$31.22","current price $31.22","","","Gluten-Free Vegan Baking: 75 Classics and New Creations to Celebrate","1","5 out of 5 stars. 1 reviews","","","Pickup available","in 3+ days","Delivery",""
"https://www.walmart.ca/en/ip/Wheat-Free-Gluten-Free-Dessert-Cookbook/1CH7NLT9YYTS?classType=REGULAR&from=/search","Wheat-Free, Gluten-Free Dessert Cookbook","","https://i5.walmartimages.com/asr/2cd6b3c6-32dc-4aea-b01a-3d3c8f4bc295_1.593fd49cf9ce0687bb85b894b9cbcb54.jpeg?odnHeight=580&odnWidth=580&odnBg=FFFFFF","Add","$51.27","current price $51.27","","","Wheat-Free, Gluten-Free Dessert Cookbook","","","","","Pickup available","in 3+ days","Delivery",""
"https://www.walmart.ca/en/ip/The-G-Free-Diet-A-Gluten-Free-Survival-Guide/5FE4HMKJ17TE?classType=REGULAR&from=/search","The G Free Diet: A Gluten-Free Survival Guide","","https://i5.walmartimages.com/asr/91afd59f-dd67-484e-bef1-88a152d36757.f2fc599018e1b3f3086699b539897827.jpeg?odnHeight=580&odnWidth=580&odnBg=FFFFFF","Add","$28.44","current price $28.44","","","The G Free Diet: A Gluten-Free Survival Guide","7","4.5714 out of 5 stars. 7 reviews","","","Pickup available","in 3+ days","Delivery",""
"https://www.walmart.ca/en/ip/Bob-s-Red-Mill-32-oz-Organic-Gluten-Free-Whole-Grain-Rolled-Oats-4-Case/2W00XF7TPY3K?classType=REGULAR&from=/search","Bob's Red Mill 32 oz. Organic Gluten Free Whole Grain Rolled Oats - 4/Case","","https://i5.walmartimages.com/asr/4d931acc-97af-47d1-bd97-8969dfc19b41.704f0693ba125197ecba625ff030b823.jpeg?odnHeight=580&odnWidth=580&odnBg=FFFFFF","Add","$170.29","current price $170.29","","a2zbaazar","Bob's Red Mill 32 oz. Organic Gluten Free Whole Grain Rolled Oats - 4/Case","","","","","Pickup available","in 3+ days","Delivery",""
"https://www.walmart.ca/en/ip/Kupiec-Gluten-Free-Milk-Chocolate-Rice-Cakes-60g/4FYEHB0N1WIM?classType=REGULAR&athbdg=L1102&from=/search","Kupiec Gluten-Free Milk Chocolate Rice Cakes, 60g, Kupiec MilkChoc Rice Cakes 60g","500+ bought in past month","https://i5.walmartimages.com/asr/ede03aaa-368c-4d99-a6bc-d69df360d8ae.775b790d19ac734d565d8420e01c44e7.png?odnHeight=580&odnWidth=580&odnBg=FFFFFF","Add","$1.94","current price $1.94","","Kupiec","Kupiec Gluten-Free Milk Chocolate Rice Cakes, 60g, Kupiec MilkChoc Rice Cakes 60g","1","5 out of 5 stars. 1 reviews","Free Delivery with","https://i5.walmartimages.com/dfw/3ccc2d91-49dd/k2-_2dc6530f-2ead-40b6-8ec8-fedc1c0c8978.v1.png","Pickup","today","Delivery","today"
"https://www.walmart.ca/en/ip/Gluten-Free-Cooking-for-Healthy-Living/48WM1OYT48UU?classType=REGULAR&from=/search","Gluten-Free Cooking for Healthy Living","","https://i5.walmartimages.com/asr/6be0dc80-c782-4260-a20d-627540ff6364.7fa4865853e6e2e0b87b47fb1bbe1040.jpeg?odnHeight=580&odnWidth=580&odnBg=FFFFFF","Add","$48.15","current price $48.15","","","Gluten-Free Cooking for Healthy Living","","","","","Pickup available","in 3+ days","Delivery",""
"https://www.walmart.ca/en/ip/clif-builders-mini-protein-bars-chocolate-peanut-butter-flavour-10g-of-protein-prepared-in-canada-gluten-free-no-artificial-sweeteners-pack-of-10/6000208232199?classType=REGULAR&athbdg=L3048&from=/search","CLIF BUILDERS Mini Protein Bars, Chocolate Peanut Butter Flavour, 10g of Protein, Prepared in Canada, Gluten Free, No Artificial Sweeteners, (Pack of 10), 340 g","Made In Canada","https://i5.walmartimages.ca/images/Enlarge/383/677/6000208383677.jpg?odnHeight=580&odnWidth=580&odnBg=FFFFFF","Add","$14.97","current price $14.97","$4.40/100g","Clif Bar","CLIF BUILDERS Mini Protein Bars, Chocolate Peanut Butter Flavour, 10g of Protein, Prepared in Canada, Gluten Free, No Artificial Sweeteners, (Pack of 10), 340 g","1","5 out of 5 stars. 1 reviews","Free Delivery with","https://i5.walmartimages.com/dfw/3ccc2d91-49dd/k2-_2dc6530f-2ead-40b6-8ec8-fedc1c0c8978.v1.png","Pickup available","today","Delivery",""
"https://www.walmart.ca/en/ip/100-Best-Gluten-Free-Recipes/16Z2SVP5IBNM?classType=REGULAR&from=/search","100 Best Gluten-Free Recipes","","https://i5.walmartimages.com/asr/c2230446-6073-4f8a-858a-6a88eea9ddf6_1.f3a4fc2109d02f684b55339ccca80505.jpeg?odnHeight=580&odnWidth=580&odnBg=FFFFFF","Add","$40.47","current price $40.47","","","100 Best Gluten-Free Recipes","","","","","Pickup available","in 3+ days","Delivery",""
"https://www.walmart.ca/en/ip/Fast-and-Simple-Gluten-Free/2B62OS4VA7OO?classType=REGULAR&from=/search","Fast and Simple Gluten-Free","","https://i5.walmartimages.com/asr/2f39ade7-7587-4df5-9bb7-73c8a8e0429a_1.61aa627786c09ddc5045f10323f83357.jpeg?odnHeight=580&odnWidth=580&odnBg=FFFFFF","Add","$52.37","current price $52.37","","","Fast and Simple Gluten-Free","","","","","Pickup available","in 3+ days","Delivery",""
"https://www.walmart.ca/en/ip/The-Ultimate-Gluten-Free-Cookie-Book/215RXZJ21QE8?classType=REGULAR&from=/search","The Ultimate Gluten-Free Cookie Book","","https://i5.walmartimages.com/asr/3a532d77-8b0c-4489-9a08-eef0ab72a2dd_1.db2852ff942dab1d7cc6441796b33011.jpeg?odnHeight=580&odnWidth=580&odnBg=FFFFFF","Add","$62.56","current price $62.56","","","The Ultimate Gluten-Free Cookie Book","","","","","Pickup available","in 3+ days","Delivery",""
"https://www.walmart.ca/en/ip/201-Gluten-Free-Recipes-for-Kids/64RKDHLJBAW5?classType=REGULAR&from=/search","201 Gluten-Free Recipes for Kids","","https://i5.walmartimages.com/asr/d6741532-7510-4c53-8e9f-1b966f6c72ad_1.7953cb9c07ff101b27c79813eb630908.jpeg?odnHeight=580&odnWidth=580&odnBg=FFFFFF","Add","$46.78","current price $46.78","","","201 Gluten-Free Recipes for Kids","","","","","Pickup available","in 3+ days","Delivery",""
"https://www.walmart.ca/en/ip/Gluten-Free-Baking-with-The-Culinary-Institute-of-America/6WPP4C0VOJOB?classType=REGULAR&from=/search","Gluten-Free Baking with The Culinary Institute of America","","https://i5.walmartimages.com/asr/a70939cd-402c-4b94-969e-6614188714ab.ca98f102eaa599f75cb3d97fe2434fad.jpeg?odnHeight=580&odnWidth=580&odnBg=FFFFFF","Add","$34.75","current price $34.75","","","Gluten-Free Baking with The Culinary Institute of America","","","","","Pickup available","in 3+ days","Delivery",""
"https://www.walmart.ca/en/ip/Gluten-Free-Cooking-for-Dummies-2nd-Edition/3WSPOW1CXAT2?classType=REGULAR&from=/search","Gluten-Free Cooking for Dummies (2nd Edition)","","https://i5.walmartimages.com/asr/fada46c4-f205-441d-beb4-16a34de3d129_1.0774e87ec7ba3ebf4a75e747ccde7770.jpeg?odnHeight=580&odnWidth=580&odnBg=FFFFFF","Add","$46.49","current price $46.49","","","Gluten-Free Cooking for Dummies (2nd Edition)","","","","","Pickup available","in 3+ days","Delivery",""
"https://www.walmart.ca/en/ip/The-Big-Book-of-Gluten-Free-Recipes-More-Than-500-Easy-Gluten-Free-Recipes-for-Healthy-and-Flavorful-Meals/0T0ZKFGZKCYW?classType=REGULAR&from=/search","The Big Book of Gluten-Free Recipes: More Than 500 Easy Gluten-Free Recipes for Healthy and Flavorful Meals","","https://i5.walmartimages.com/asr/94141da4-1bf4-4bc3-b06f-a6015207c6f8_1.382762e12d22fc5551ff5fe4d9d16dec.jpeg?odnHeight=580&odnWidth=580&odnBg=FFFFFF","Add","$47.34","current price $47.34","","","The Big Book of Gluten-Free Recipes: More Than 500 Easy Gluten-Free Recipes for Healthy and Flavorful Meals","","","","","Pickup available","in 3+ days","Delivery",""
"https://www.walmart.ca/en/ip/Plant-It-Buddha-Bowl-Plant-Based-Gluten-Free-15G-of-Protein-per-Serving-Ready-in-6-Minutes/1U130HD9U5UO?classType=REGULAR&athbdg=L1300&from=/search","Plant It Buddha Bowl - Plant Based, Gluten Free. 15G of Protein per Serving, Ready in 6 Minutes!, Buddha Bowl has a variety of veggie bites, sweet potato, red peppers, curly kale and quinoa! 13g of protein per serving.","Rollback","https://i5.walmartimages.com/asr/a17d4000-146c-4e7d-85e2-8b9b363f16ae.0879f29f3c65fb388dcd0e5b58479ce7.jpeg?odnHeight=580&odnWidth=580&odnBg=FFFFFF","Add","Now $7.97","current price Now $7.97","$2.45/100g","The Plant It Co.","Plant It Buddha Bowl - Plant Based, Gluten Free. 15G of Protein per Serving, Ready in 6 Minutes!, Buddha Bowl has a variety of veggie bites, sweet potato, red peppers, curly kale and quinoa! 13g of protein per serving.","6","2.5 out of 5 stars. 6 reviews","Free Delivery with","https://i5.walmartimages.com/dfw/3ccc2d91-49dd/k2-_2dc6530f-2ead-40b6-8ec8-fedc1c0c8978.v1.png","Pickup","today","Delivery","today"
"https://www.walmart.ca/en/ip/Good-Food-Gluten-free-Recipes/4KU8DEW2I39H?classType=REGULAR&from=/search","Good Food: Gluten-free Recipes","","https://i5.walmartimages.com/asr/85716d53-4511-45f8-ba57-6c3966549b5a.4098ed40296980d4b53f37e5c07abe09.jpeg?odnHeight=580&odnWidth=580&odnBg=FFFFFF","Add","$43.14","current price $43.14","","","Good Food: Gluten-free Recipes","","","","","Pickup available","in 3+ days","Delivery",""
"https://www.walmart.ca/en/ip/125-Best-Gluten-Free-Recipes/1FQ30LZU1NFP?classType=REGULAR&from=/search","125 Best Gluten-Free Recipes","","https://i5.walmartimages.com/asr/0ffb66b0-fbac-409f-b8d7-b4b76de4ceeb.19e7bba8b9e0183450b1def5888d9c82.jpeg?odnHeight=580&odnWidth=580&odnBg=FFFFFF","Add","$26.74","current price $26.74","","","125 Best Gluten-Free Recipes","","","","","Pickup available","in 3+ days","Delivery",""
"https://www.walmart.ca/en/ip/Taste-of-Nature-Organic-Snack-Bars-Variety-Pack-Gluten-Free-Vegan-Healthy-Snacks-18-Bars-Snack-Box/7FNWJNNMSO21?classType=REGULAR&from=/search","Taste of Nature Organic Snack Bars Variety Pack, Gluten Free, Vegan, Healthy Snacks, 18 Bars Snack Box","","https://i5.walmartimages.com/asr/9a725181-b50f-4d30-adff-bc060fc83b4b.b3ebac40aeb6057771ed5e5f743b61f7.jpeg?odnHeight=580&odnWidth=580&odnBg=FFFFFF","Add","$29.99","current price $29.99","","Taste of Nature","Taste of Nature Organic Snack Bars Variety Pack, Gluten Free, Vegan, Healthy Snacks, 18 Bars Snack Box","","","","","Pickup available","in 3+ days","Delivery",""
"https://www.walmart.ca/en/ip/Paleo-Comfort-Foods-Homestyle-Cooking-for-a-Gluten-Free-Kitchen/1Q237CADB65D?classType=REGULAR&from=/search","Paleo Comfort Foods: Homestyle Cooking for a Gluten-Free Kitchen","","https://i5.walmartimages.com/asr/66829b21-2e22-4955-bc54-5a35f177186c_1.ca343562e712f7dd6d10458a1ccbbf1c.jpeg?odnHeight=580&odnWidth=580&odnBg=FFFFFF","Add","$39.04","current price $39.04","","","Paleo Comfort Foods: Homestyle Cooking for a Gluten-Free Kitchen","1","5 out of 5 stars. 1 reviews","","","Pickup available","in 3+ days","Delivery",""
"https://www.walmart.ca/en/ip/Naturally-Sweet-Gluten-Free/6DFXRSWHXHLV?classType=REGULAR&from=/search","Naturally Sweet & Gluten-Free","","https://i5.walmartimages.com/asr/c6f29873-0480-4516-8d2a-3140dc693360.f451a2e7179bc745f51c789ce905c96c.jpeg?odnHeight=580&odnWidth=580&odnBg=FFFFFF","Add","$35.64","current price $35.64","","","Naturally Sweet & Gluten-Free","","","","","Pickup available","in 3+ days","Delivery",""
"https://www.walmart.ca/en/ip/Club-House-Dry-Sauce-Seasoning-Marinade-Mix-Pork-Gravy-Gluten-Free/6000188768761?classType=REGULAR&athbdg=L3033&from=/search","Club House, Dry Sauce/Seasoning/Marinade Mix, Pork Gravy, Gluten-Free, 24g","5 for $5","https://i5.walmartimages.com/asr/7e059561-73a4-4a43-a4f3-adba5f701f30.b6131cdd9e15c026d2dc7509cf8a8fd6.jpeg?odnHeight=580&odnWidth=580&odnBg=FFFFFF","Add","$1.27","current price $1.27","$5.08/100g","CLUB HOUSE","Club House, Dry Sauce/Seasoning/Marinade Mix, Pork Gravy, Gluten-Free, 24g","25","4.64 out of 5 stars. 25 reviews","Free Delivery with","https://i5.walmartimages.com/dfw/3ccc2d91-49dd/k2-_2dc6530f-2ead-40b6-8ec8-fedc1c0c8978.v1.png","Pickup","today","Delivery","today"
"https://www.walmart.ca/en/ip/Gluten-Free-Girl-American-Classics-Reinvented/1WRIUZVVXVBO?classType=REGULAR&from=/search","Gluten-Free Girl American Classics Reinvented","","https://i5.walmartimages.com/asr/475686d2-022b-481d-9268-c659988fe3ee.b4bc9c1dcafb12177111d4108f174185.jpeg?odnHeight=580&odnWidth=580&odnBg=FFFFFF","Add","$40.08","current price $40.08","","","Gluten-Free Girl American Classics Reinvented","","","","","Pickup available","in 3+ days","Delivery",""
"https://www.walmart.ca/en/ip/Complete-Gluten-Free-Diet-and-Nutrition-Guide/31R8HFJ1NE9W?classType=REGULAR&from=/search","Complete Gluten-Free Diet and Nutrition Guide","","https://i5.walmartimages.com/asr/acb5a9e2-c569-4cfa-8dbd-3f283e37aa66_1.2560a4737fcc98a168d6b6c1ec997566.jpeg?odnHeight=580&odnWidth=580&odnBg=FFFFFF","Add","$37.08","current price $37.08","","","Complete Gluten-Free Diet and Nutrition Guide","","","","","Pickup available","in 3+ days","Delivery",""
"https://www.walmart.ca/en/ip/The-Gluten-Free-Italian-Vegetarian-Kitchen-More-Than-225-Meat-Free-Wheat-Free-and-Gluten-Free-Recipes-for-Delicious-and-N-utricious-Italian-Dishes/6COHJDW9QTNP?classType=REGULAR&from=/search","The Gluten-Free Italian Vegetarian Kitchen: More Than 225 Meat-Free, Wheat-Free, and Gluten-Free Recipes for Delicious and N utricious Italian Dishes","","https://i5.walmartimages.com/asr/08faffc4-1528-4b8f-81e0-591764627f6b.aa012a4e30f817f37fbfc6ccfb0875c7.jpeg?odnHeight=580&odnWidth=580&odnBg=FFFFFF","Add","$44.82","current price $44.82","","","The Gluten-Free Italian Vegetarian Kitchen: More Than 225 Meat-Free, Wheat-Free, and Gluten-Free Recipes for Delicious and N utricious Italian Dishes","","","","","Pickup available","in 3+ days","Delivery",""
"https://www.walmart.ca/en/ip/Beyond-Wheat-The-New-Gluten-Free-Cookbook/2B40FJ1GRZL4?classType=REGULAR&from=/search","Beyond Wheat: The New Gluten-Free Cookbook","","https://i5.walmartimages.com/asr/a98cdd15-9445-47c9-b8de-6789da08bbd0.19af5cc1c5aea4a81ec201728a96f8cd.jpeg?odnHeight=580&odnWidth=580&odnBg=FFFFFF","Add","$27.25","current price $27.25","","","Beyond Wheat: The New Gluten-Free Cookbook","","","","","Pickup available","in 3+ days","Delivery",""
"https://www.walmart.ca/en/ip/The-Essential-Gluten-Free-Baking-Guide-Part-1/23TM80H283DY?classType=REGULAR&from=/search","The Essential Gluten-Free Baking Guide Part 1","","https://i5.walmartimages.com/asr/97460614-a083-4bd3-9e72-2df36ce3efae_1.484780bf14a3b0206050f8b289f84066.jpeg?odnHeight=580&odnWidth=580&odnBg=FFFFFF","Add","$86.58","current price $86.58","","","The Essential Gluten-Free Baking Guide Part 1","","","","","Pickup available","in 3+ days","Delivery",""
"https://www.walmart.ca/en/ip/The-New-Glucose-Revolution-Low-GI-Gluten-Free-Eating-Made-Easy-The-Essential-Guide-to-the-Glycemic-Index-and-Gluten-Free-Living/4ZWBGG45LQ06?classType=REGULAR&from=/search","The New Glucose Revolution Low GI Gluten-Free Eating Made Easy: The Essential Guide to the Glycemic Index and Gluten-Free Living","","https://i5.walmartimages.com/asr/075d2f84-0629-49d3-af24-d6736f917cc3_1.eb43546459ddcb653858f22a9107e8d8.jpeg?odnHeight=580&odnWidth=580&odnBg=FFFFFF","Add","$30.44","current price $30.44","","Da Capo Lifelong Books","The New Glucose Revolution Low GI Gluten-Free Eating Made Easy: The Essential Guide to the Glycemic Index and Gluten-Free Living","","","","","Pickup available","in 3+ days","Delivery",""
"https://www.walmart.ca/en/ip/Old-El-Paso-Gluten-Free-Ranch-Blasted-Taco-Shells/6000194876616?classType=REGULAR&athbdg=L3033&from=/search","Old El Paso Gluten-Free Ranch Blasted Taco Shells, 153 g","2 for $6","https://i5.walmartimages.com/asr/bc2b3452-2f4f-47b6-aaa4-37efdc025bb2.91d575071ffdf332803167083668dc59.jpeg?odnHeight=580&odnWidth=580&odnBg=FFFFFF","Add","$3.77","current price $3.77","$2.46/100g","Old El Paso","Old El Paso Gluten-Free Ranch Blasted Taco Shells, 153 g","62","4.2581 out of 5 stars. 62 reviews","Free Delivery with","https://i5.walmartimages.com/dfw/3ccc2d91-49dd/k2-_2dc6530f-2ead-40b6-8ec8-fedc1c0c8978.v1.png","Pickup","today","Delivery","today"
"https://www.walmart.ca/en/ip/Wheat-Free-Gluten-Free-Reduced-Calorie-Cookbook/0TPYJE039GAP?classType=REGULAR&from=/search","Wheat-Free Gluten-Free Reduced Calorie Cookbook","","https://i5.walmartimages.com/asr/63473b7a-c43b-4a49-b55e-9a4a3a4225d3_1.897785d68389adcb13c5933ccaeff7d3.jpeg?odnHeight=580&odnWidth=580&odnBg=FFFFFF","Add","$80.10","current price $80.10","","","Wheat-Free Gluten-Free Reduced Calorie Cookbook","","","","","Pickup available","in 3+ days","Delivery",""
"https://www.walmart.ca/en/ip/Andy-Anand-Gluten-Free-Orange-Cake-Ready-to-Eat-Gift-Boxed-2-6-lbs-Ships-2nd-Day-Air/1HLXUVHY8CMP?classType=REGULAR&from=/search","Andy Anand Gluten Free Orange Cake, Ready-to-Eat, Gift Boxed, 2.6 lbs, Ships 2nd Day Air","","https://i5.walmartimages.com/asr/6b3aa0f1-552b-4e4c-bee1-e15aab70b20e.ca5f6f85a3fc44b2c400cdb1f3e0656a.jpeg?odnHeight=580&odnWidth=580&odnBg=FFFFFF","Add","$107.74","current price $107.74","","Andy Anand","Andy Anand Gluten Free Orange Cake, Ready-to-Eat, Gift Boxed, 2.6 lbs, Ships 2nd Day Air","","","","","Pickup available","in 3+ days","Delivery",""
"https://www.walmart.ca/en/ip/clif-builders-protein-bars-chocolate-peanut-butter-flavour-20g-of-protein-prepared-in-canada-gluten-free-no-artificial-sweeteners-chocolate/10260818?classType=REGULAR&athbdg=L3048&from=/search","CLIF BUILDERS Protein Bars, Chocolate Peanut Butter Flavour, 20g of Protein, Prepared in Canada, Gluten Free, No Artificial Sweeteners, 68 g","Made In Canada","https://i5.walmartimages.ca/images/Enlarge/383/776/6000208383776.jpg?odnHeight=580&odnWidth=580&odnBg=FFFFFF","Add","$2.88","current price $2.88","$4.24/100g","Clif Bar","CLIF BUILDERS Protein Bars, Chocolate Peanut Butter Flavour, 20g of Protein, Prepared in Canada, Gluten Free, No Artificial Sweeteners, 68 g","","","Free Delivery with","https://i5.walmartimages.com/dfw/3ccc2d91-49dd/k2-_2dc6530f-2ead-40b6-8ec8-fedc1c0c8978.v1.png","Pickup","today","Delivery","today"
"https://www.walmart.ca/en/ip/The-30-Minute-Gluten-Free-Cookbook-100-Quick-and-Simple-Recipes-For-Every-Day/5OMK3KYJCYRT?classType=REGULAR&from=/search","The 30-Minute Gluten-Free Cookbook: 100+ Quick and Simple Recipes For Every Day","","https://i5.walmartimages.com/asr/024bd7a4-582a-4d76-bdb5-8d406b22f206.9df1fe57b4b22ef6e58f4fa513d74d10.jpeg?odnHeight=580&odnWidth=580&odnBg=FFFFFF","Add","$34.75","current price $34.75","","","The 30-Minute Gluten-Free Cookbook: 100+ Quick and Simple Recipes For Every Day","4","5 out of 5 stars. 4 reviews","","","Pickup available","in 3+ days","Delivery",""
"https://www.walmart.ca/en/ip/The-Gluten-Free-Gourmet-Revised-Edition/73P5ZWTEH7DX?classType=REGULAR&from=/search","The Gluten-Free Gourmet (Revised Edition)","","https://i5.walmartimages.com/asr/fdf44c79-a44a-48c5-94f8-2f3c3c366e98_1.e3e441130433a78b705f788fc2ada62e.jpeg?odnHeight=580&odnWidth=580&odnBg=FFFFFF","Add","$38.34","current price $38.34","","","The Gluten-Free Gourmet (Revised Edition)","","","","","Pickup available","in 3+ days","Delivery",""
"https://www.walmart.ca/en/ip/Wheat-and-Gluten-Free-Home-Baking/67EVW05F6MNA?classType=REGULAR&from=/search","Wheat and Gluten-Free Home Baking","","https://i5.walmartimages.com/asr/f9bdc23c-6d6e-4500-9a91-1b2e137b6acc_1.b91b21ecd6e4e29ff760fc6a3d84aded.jpeg?odnHeight=580&odnWidth=580&odnBg=FFFFFF","Add","$22.47","current price $22.47","","","Wheat and Gluten-Free Home Baking","","","","","Pickup available","in 3+ days","Delivery",""
"https://www.walmart.ca/en/ip/King-Arthur-Flour-Gluten-Free-Pancake-Mix-15-oz/2WBCTZGJUAZ4?classType=REGULAR&from=/search","King Arthur Flour - Gluten-Free Pancake Mix - 15 oz.","","https://i5.walmartimages.com/asr/2c4de40c-5607-4782-8750-49039f03ce72_1.4b39eee96566bd54e7f3efbd54b4b588.jpeg?odnHeight=580&odnWidth=580&odnBg=FFFFFF","Add","$19.99","current price $19.99","","King Arthur Flour","King Arthur Flour - Gluten-Free Pancake Mix - 15 oz.","86","4.8023 out of 5 stars. 86 reviews","","","Pickup available","in 3+ days","Delivery",""
"https://www.walmart.ca/en/ip/Gluten-Wheat-and-Dairy-Free-Cookbook-Over-200-Allergy-free-Recipes-from-the-Sensitive-Gourmet/4GB5XHNZ4I1X?classType=REGULAR&from=/search","Gluten, Wheat and Dairy Free Cookbook: Over 200 Allergy-free Recipes from the Sensitive Gourmet","","https://i5.walmartimages.com/asr/639be7fe-2399-45ec-808a-0c9cc72fb2ba.976f5200408f14ff6ccfd445b18ab520.jpeg?odnHeight=580&odnWidth=580&odnBg=FFFFFF","Add","$108.79","current price $108.79","","","Gluten, Wheat and Dairy Free Cookbook: Over 200 Allergy-free Recipes from the Sensitive Gourmet","","","","","Pickup available","in 3+ days","Delivery",""
"https://www.walmart.ca/en/ip/Easy-Gluten-Free-American-Dietetic-Association/0TXY8WWTEV4A?classType=REGULAR&from=/search","Easy Gluten-Free (American Dietetic Association)","","https://i5.walmartimages.com/asr/9cac3206-07c8-4f60-ad3f-398b2d322e24_1.ddf1c60ca572725f08150d8b12d8053d.jpeg?odnHeight=580&odnWidth=580&odnBg=FFFFFF","Add","$33.92","current price $33.92","","","Easy Gluten-Free (American Dietetic Association)","","","","","Pickup available","in 3+ days","Delivery",""
"https://www.walmart.ca/en/ip/150-Best-Gluten-Free-Muffin-Recipes/38YW8S37NX2R?classType=REGULAR&from=/search","150 Best Gluten-Free Muffin Recipes","","https://i5.walmartimages.com/asr/1c3bf9e4-690c-4f9b-a163-01dd8095d4fc.21ded6eb7ff585c942169d52e7eec2b3.jpeg?odnHeight=580&odnWidth=580&odnBg=FFFFFF","Add","$39.27","current price $39.27","","","150 Best Gluten-Free Muffin Recipes","","","","","Pickup available","in 3+ days","Delivery",""
"https://www.walmart.ca/en/ip/The-Complete-Guide-to-Living-Well-Gluten-Free/3SHLCHJ7MJHV?classType=REGULAR&from=/search","The Complete Guide to Living Well Gluten-Free","","https://i5.walmartimages.com/asr/01a3775c-e3ba-4f6d-9b21-1d71cbe4f9fe_1.5360454a152021d1adc5eef0fc50ae4e.jpeg?odnHeight=580&odnWidth=580&odnBg=FFFFFF","Add","$41.78","current price $41.78","","","The Complete Guide to Living Well Gluten-Free","","","","","Pickup available","in 3+ days","Delivery",""
"https://www.walmart.ca/en/ip/Living-Gluten-Free-For-Dummies-2nd-Edition/1TPVAN5P0Y8X?classType=REGULAR&from=/search","Living Gluten-Free For Dummies (2nd Edition)","","https://i5.walmartimages.com/asr/e5f26034-8a0a-4c60-9183-313ebd375ebf_1.a1d5281a021b56131cae4ca659fb3957.jpeg?odnHeight=580&odnWidth=580&odnBg=FFFFFF","Add","$40.78","current price $40.78","","","Living Gluten-Free For Dummies (2nd Edition)","","","","","Pickup available","in 3+ days","Delivery",""
"https://www.walmart.ca/en/ip/Natura-Organic-Gluten-Free-Oat-Original/109E9UJ3FQ81?classType=REGULAR&from=/search","Natura Organic Gluten-Free Oat Original, 946ML","","https://i5.walmartimages.com/asr/b66d0a2a-8169-4be4-8c1c-7ba95b5d0df8.2d22425f46e407111e6c360f43f5b032.jpeg?odnHeight=580&odnWidth=580&odnBg=FFFFFF","Add","$2.97","current price $2.97","31¢/100ml","Natura","Natura Organic Gluten-Free Oat Original, 946ML","","","Free Delivery with","https://i5.walmartimages.com/dfw/3ccc2d91-49dd/k2-_2dc6530f-2ead-40b6-8ec8-fedc1c0c8978.v1.png","Pickup","today","Delivery","today"
"https://www.walmart.ca/en/ip/Sensible-Portions-Veggie-Straws-Original-Flavour-Gluten-Free-Chips/10164376?classType=REGULAR&from=/search","Sensible Portions® Veggie Straws™, Original Flavour, Gluten-Free Chips, 142 Gram Bag","","https://i5.walmartimages.com/asr/52483dbd-56ce-438d-81e1-7118d02d9c35.91e4b38786a16bbc0ac4e6078b5b5f57.jpeg?odnHeight=580&odnWidth=580&odnBg=FFFFFF","Add","$2.97","current price $2.97","$2.09/100g","Sensible Portions","Sensible Portions® Veggie Straws™, Original Flavour, Gluten-Free Chips, 142 Gram Bag","214","4.5888 out of 5 stars. 214 reviews","Free Delivery with","https://i5.walmartimages.com/dfw/3ccc2d91-49dd/k2-_2dc6530f-2ead-40b6-8ec8-fedc1c0c8978.v1.png","Pickup","today","Delivery","today"
"https://www.walmart.ca/en/ip/The-Complete-Guide-to-Naturally-Gluten-Free-Foods/71BIXA1RUQBQ?classType=REGULAR&from=/search","The Complete Guide to Naturally Gluten-Free Foods","","https://i5.walmartimages.com/asr/207b4fb7-b1ff-4833-8f6b-f21d6326817b_1.59afe12809edbd6e68f74f62355084f1.jpeg?odnHeight=580&odnWidth=580&odnBg=FFFFFF","Add","$46.26","current price $46.26","","","The Complete Guide to Naturally Gluten-Free Foods","","","","","Pickup available","in 3+ days","Delivery",""
"https://www.walmart.ca/en/ip/Gluten-Free-Cooking-for-Two-125-Favorites/73LC94SLS8F8?classType=REGULAR&from=/search","Gluten-Free Cooking for Two: 125 Favorites","","https://i5.walmartimages.com/asr/4c331edd-bcd7-4ef2-ac33-fd9a40843d48.3d78449046a52d61619d337b2bf9a02a.jpeg?odnHeight=580&odnWidth=580&odnBg=FFFFFF","Add","$43.55","current price $43.55","","","Gluten-Free Cooking for Two: 125 Favorites","","","","","Pickup available","in 3+ days","Delivery",""
"https://www.walmart.ca/en/ip/Natura-Organic-Gluten-Free-Oat-Chocolate/5AAUGJQ6PST3?classType=REGULAR&from=/search","Natura Organic Gluten-Free Oat Chocolate, 946ML","","https://i5.walmartimages.com/asr/2c78502f-ee8e-41fb-8492-eee51ef53122.e1fce48f6837ffad4809b3dcebebcea0.jpeg?odnHeight=580&odnWidth=580&odnBg=FFFFFF","Add","$2.97","current price $2.97","31¢/100ml","Natura","Natura Organic Gluten-Free Oat Chocolate, 946ML","","","Free Delivery with","https://i5.walmartimages.com/dfw/3ccc2d91-49dd/k2-_2dc6530f-2ead-40b6-8ec8-fedc1c0c8978.v1.png","Pickup","today","Delivery","today"
"https://www.walmart.ca/en/ip/The-Essential-Gluten-Free-Baking-Guide-Part-2/3MZGWP5D169V?classType=REGULAR&from=/search","The Essential Gluten-Free Baking Guide: Part 2","","https://i5.walmartimages.com/asr/1864dde3-9f93-487e-bec7-537f7564910e_1.30c522c6579f8b8787992c96ec474710.jpeg?odnHeight=580&odnWidth=580&odnBg=FFFFFF","Add","$65.39","current price $65.39","","","The Essential Gluten-Free Baking Guide: Part 2","","","","","Pickup available","in 3+ days","Delivery",""
"https://www.walmart.ca/en/ip/Sesame-Snaps-With-Honey-Healthy-Snack-Ready-To-Eat-On-The-Go-No-Added-Preservatives-Gluten-Free-24-Pack-Count-720-gm/5YQ2HA6SIGYT?classType=REGULAR&athbdg=L1700&from=/search","Sesame Snaps With Honey, Healthy Snack, Ready To Eat, On The Go, No Added Preservatives, Gluten Free, 24 Pack Count, 720 gm","Reduced price","https://i5.walmartimages.com/asr/e0f60398-e9c3-4cd5-85b5-09fee85263b6.d8913476538a132a19e81e0e78869d1d.jpeg?odnHeight=580&odnWidth=580&odnBg=FFFFFF","Add","Now $44.79","current price Now $44.79","","Sesame Snaps","Sesame Snaps With Honey, Healthy Snack, Ready To Eat, On The Go, No Added Preservatives, Gluten Free, 24 Pack Count, 720 gm","1","1 out of 5 stars. 1 reviews","","","Pickup available","in 3+ days","Delivery",""
"https://www.walmart.ca/en/ip/The-First-Year-Celiac-Disease-and-Living-Gluten-Free/2G5K1D5CJDP5?classType=REGULAR&from=/search","The First Year: Celiac Disease and Living Gluten-Free","","https://i5.walmartimages.com/asr/1004f350-f651-43bf-b91f-41d543e59ef1_1.bb0237ce855b8e9b56bdd9311a2dd1aa.jpeg?odnHeight=580&odnWidth=580&odnBg=FFFFFF","Add","$33.64","current price $33.64","","Da Capo Lifelong Books","The First Year: Celiac Disease and Living Gluten-Free","","","","","Pickup available","in 3+ days","Delivery",""
"https://www.walmart.ca/en/ip/Natura-Organic-Gluten-Free-Oat-Vanilla/2LL9Y69W9R3J?classType=REGULAR&from=/search","Natura Organic Gluten-Free Oat Vanilla, 946ML","","https://i5.walmartimages.com/asr/b0e8de07-b147-4265-89f5-7105e8bb4014.e730c6e938517773f2b7465a387f22be.jpeg?odnHeight=580&odnWidth=580&odnBg=FFFFFF","Add","$2.97","current price $2.97","31¢/100ml","Natura","Natura Organic Gluten-Free Oat Vanilla, 946ML","","","Free Delivery with","https://i5.walmartimages.com/dfw/3ccc2d91-49dd/k2-_2dc6530f-2ead-40b6-8ec8-fedc1c0c8978.v1.png","Pickup","today","Delivery","today"
"https://www.walmart.ca/en/ip/The-Easy-Gluten-Free-Cookbook-Fast-and-Fuss-Free-PAPERBACK-2017-by-Lindsay-Garza/3YO2TEFKXUYC?classType=REGULAR&from=/search","The Easy Gluten-Free Cookbook: Fast and Fuss-Free... PAPERBACK 2017 by Lindsay Garza","","https://i5.walmartimages.com/asr/c9c69619-998e-4a1a-89d3-63ed53a7c4c4.80b2bc07ff9857dc156300b1bc2ea44e.jpeg?odnHeight=580&odnWidth=580&odnBg=FFFFFF","Add","$30.62","current price $30.62","","","The Easy Gluten-Free Cookbook: Fast and Fuss-Free... PAPERBACK 2017 by Lindsay Garza","3","4.6667 out of 5 stars. 3 reviews","","","Pickup available","in 3+ days","Delivery",""
"https://www.walmart.ca/en/ip/The-Complete-Allergy-Free-Comfort-Foods-Cookbook-Every-Recipe-is-Free-of-Gluten-Dairy-Soy-Nuts-and-Eggs/4ZZJVGFE6N9W?classType=REGULAR&from=/search","The Complete Allergy-Free Comfort Foods Cookbook: Every Recipe is Free of Gluten, Dairy, Soy, Nuts, and Eggs","","https://i5.walmartimages.com/asr/f06ef25f-0ca3-4c27-9bee-579f43529d0a.fb44c2e276c2411015547e31af811e14.jpeg?odnHeight=580&odnWidth=580&odnBg=FFFFFF","Add","$36.30","current price $36.30","","","The Complete Allergy-Free Comfort Foods Cookbook: Every Recipe is Free of Gluten, Dairy, Soy, Nuts, and Eggs","","","","","Pickup available","in 3+ days","Delivery",""
"https://www.walmart.ca/en/ip/Gluten-Free-Baking-Cookbook-Delicious-Healthy-100-Cake-Bake-Recipes-You-Will-Love-Gluten-Free-Guide-Celiac-Disease-Cookbook/26BJ6BNILQ34?classType=REGULAR&from=/search","Gluten-Free Baking Cookbook: Delicious and Healthy, 100% Gluten-Free Cake and Bake Recipes You Will Love (Gluten-Free Recipes Guide, Celiac Disease Cookbook)","","https://i5.walmartimages.com/asr/d438092e-a373-4482-99b0-3f68273baeb5.a27cd7f8f1c239194ab12b2c23276be9.jpeg?odnHeight=580&odnWidth=580&odnBg=FFFFFF","Add","$39.10","current price $39.10","","","Gluten-Free Baking Cookbook: Delicious and Healthy, 100% Gluten-Free Cake and Bake Recipes You Will Love (Gluten-Free Recipes Guide, Celiac Disease Cookbook)","","","","","Pickup available","in 3+ days","Delivery",""
"https://www.walmart.ca/en/ip/Andy-Anand-Gluten-Free-Blueberry-Cake-9-Gift-Boxed-Shipped-2nd-Day-Air-Divine-Delicious-2-8-lbs/2OM5EFCQJX1K?classType=REGULAR&from=/search","Andy Anand Gluten Free Blueberry Cake 9"" Gift Boxed, Shipped 2nd Day Air Divine Delicious (2.8 lbs)","","https://i5.walmartimages.com/asr/e50414f8-ee40-424b-a154-41b39363b7e5.985858f988b2b627fc92339edfa67305.jpeg?odnHeight=580&odnWidth=580&odnBg=FFFFFF","Add","$78.84","current price $78.84","","Andy Anand","Andy Anand Gluten Free Blueberry Cake 9"" Gift Boxed, Shipped 2nd Day Air Divine Delicious (2.8 lbs)","","","","","Pickup available","in 3+ days","Delivery",""
"https://www.walmart.ca/en/ip/The-Cake-Mix-Doctor-Bakes-Gluten-Free/5XHX2S7TQ8W9?classType=REGULAR&from=/search","The Cake Mix Doctor Bakes Gluten-Free","","https://i5.walmartimages.com/asr/7686757b-e4af-4f1d-bbe9-6126a961c84e.91324619e38cabc76f84cce0bae45538.jpeg?odnHeight=580&odnWidth=580&odnBg=FFFFFF","Add","$39.42","current price $39.42","","","The Cake Mix Doctor Bakes Gluten-Free","","","","","Pickup available","in 3+ days","Delivery",""
"https://www.walmart.ca/en/ip/Kikkoman-Gluten-Free-Panko-1ct-2-5lbs-Crispy-Japanese-Style-Bread-Crumbs-for-Baking-amp-Frying-1ct/15ZIPNNZV0WC?classType=REGULAR&from=/search","Kikkoman Gluten Free Panko - 1ct - 2.5lbs - Crispy Japanese-Style Bread Crumbs for Baking &amp; Frying (1ct)","","https://i5.walmartimages.com/asr/cbc07fc7-2592-4367-97bd-b4fea7080c93.5a570bad66dcb05a17b68d696a84b0c9.jpeg?odnHeight=580&odnWidth=580&odnBg=FFFFFF","Add","$25.51","current price $25.51","","Kikkoman","Kikkoman Gluten Free Panko - 1ct - 2.5lbs - Crispy Japanese-Style Bread Crumbs for Baking & Frying (1ct)","","","","","Pickup available","in 3+ days","Delivery",""
"https://www.walmart.ca/en/ip/How-to-be-Gluten-Free-and-Keep-your-Friends-Recipes-and-Tips/6A84V6CC5BOH?classType=REGULAR&from=/search","How to be Gluten-Free and Keep your Friends: Recipes and Tips","","https://i5.walmartimages.com/asr/42d188c7-0c8a-4612-8567-55e0f48eea8f.817925d48cabc62b463cfa80f4eccf08.jpeg?odnHeight=580&odnWidth=580&odnBg=FFFFFF","Add","$44.73","current price $44.73","","","How to be Gluten-Free and Keep your Friends: Recipes and Tips","","","","","Pickup available","in 3+ days","Delivery",""
"https://www.walmart.ca/en/ip/Wheat-Free-Worry-Free-The-Art-of-Happy-Healthy-Gluten-Free-Living/5WJF6F9BR2O1?classType=REGULAR&from=/search","Wheat-Free, Worry-Free: The Art of Happy, Healthy Gluten-Free Living","","https://i5.walmartimages.com/asr/70c6a7bf-c411-42e7-b475-55115e6ae119_1.1a358c5b0b2448b0edd263659c00080a.jpeg?odnHeight=580&odnWidth=580&odnBg=FFFFFF","Add","$33.75","current price $33.75","","","Wheat-Free, Worry-Free: The Art of Happy, Healthy Gluten-Free Living","","","","","Pickup available","in 3+ days","Delivery",""
"https://www.walmart.ca/en/ip/The-Gluten-Free-Quick-Breads-Cookbook-75-Easy-Homemade-Loaves-in-Half-the-Time/59DF6T68SAE1?classType=REGULAR&from=/search","The Gluten-Free Quick Breads Cookbook: 75 Easy Homemade Loaves in Half the Time","","https://i5.walmartimages.com/asr/ba877fd3-435f-433b-8794-7e6f957d8388.3fce2b3b49c5f6ee37bfff229c38a380.jpeg?odnHeight=580&odnWidth=580&odnBg=FFFFFF","Add","$37.71","current price $37.71","","Page Street Publishing","The Gluten-Free Quick Breads Cookbook: 75 Easy Homemade Loaves in Half the Time","2","5 out of 5 stars. 2 reviews","","","Pickup available","in 3+ days","Delivery",""
"https://www.walmart.ca/en/ip/The-Essential-Gluten-Free-Baking-Guide-Part-2/1WCAV99TZ40D?classType=REGULAR&from=/search","The Essential Gluten-Free Baking Guide Part 2","","https://i5.walmartimages.com/asr/29f3fa5a-b7b7-4b17-a027-27f49e3b29e7_1.219e38ec34187c08a57c1628f13b9287.jpeg?odnHeight=580&odnWidth=580&odnBg=FFFFFF","Add","$74.68","current price $74.68","","","The Essential Gluten-Free Baking Guide Part 2","","","","","Pickup available","in 3+ days","Delivery",""
"https://www.walmart.ca/en/ip/The-Chef-Gets-Healthy-100-Gluten-Free-Recipes/6WRVTX6MODGH?classType=REGULAR&from=/search","The Chef Gets Healthy: 100 Gluten-Free Recipes","","https://i5.walmartimages.com/asr/674c973f-5c7a-4157-a492-14a47d5b466b.ff28c878aa9821aea5d8bbec5cf71870.jpeg?odnHeight=580&odnWidth=580&odnBg=FFFFFF","Add","$61.19","current price $61.19","","","The Chef Gets Healthy: 100 Gluten-Free Recipes","","","","","Pickup available","in 3+ days","Delivery",""
"https://www.walmart.ca/en/ip/The-Autism-Cookbook-101-Gluten-Free-and-Dairy-Free-Recipes/6CLLJCV05BKX?classType=REGULAR&from=/search","The Autism Cookbook: 101 Gluten-Free and Dairy-Free Recipes","","https://i5.walmartimages.com/asr/3e59c481-d868-4915-8881-83c8dc80efea.e2a325ecba68cb778730c8fd76d0b47b.jpeg?odnHeight=580&odnWidth=580&odnBg=FFFFFF","Add","$107.18","current price $107.18","","Skyhorse","The Autism Cookbook: 101 Gluten-Free and Dairy-Free Recipes","","","","","Pickup available","in 3+ days","Delivery",""
"https://www.walmart.ca/en/ip/Be-Free-Cooking-The-Allergen-Aware-Cook-Recipes-with-and-Without-Gluten-Wheat-Dairy-Casein-Egg-Nut-Corn-and-Soy/6ABSJGIZ8F47?classType=REGULAR&from=/search","Be Free Cooking- The Allergen-Aware Cook: Recipes with and Without Gluten, Wheat, Dairy, Casein, Egg, Nut, Corn and Soy","","https://i5.walmartimages.com/asr/b4449d62-5b95-42ed-9e4c-06a8c15a269c_1.b757cadedf21a3338ad753c413821793.jpeg?odnHeight=580&odnWidth=580&odnBg=FFFFFF","Add","$49.37","current price $49.37","","","Be Free Cooking- The Allergen-Aware Cook: Recipes with and Without Gluten, Wheat, Dairy, Casein, Egg, Nut, Corn and Soy","","","","","Pickup available","in 3+ days","Delivery",""
"https://www.walmart.ca/en/ip/Hellmann-s-Greek-Vinaigrette-Salad-Dressing-Jug-Gluten-Free-No-Artificial-Flavors-or-added-MSG-1-Gallon-3-78-Liter-Pack-of-2/54RB06D87OVD?classType=REGULAR&from=/search","Hellmann's Greek Vinaigrette Salad Dressing Jug Gluten Free, No Artificial Flavors or added MSG, 1 Gallon 3.78 Liter Pack of 2","","https://i5.walmartimages.com/asr/302cc71a-a543-4e8c-8af3-39e48ff60072.91f9b13dfb6090758d531a44f8dc1f60.jpeg?odnHeight=580&odnWidth=580&odnBg=FFFFFF","Add","$85.02","current price $85.02","","Hellmann's","Hellmann's Greek Vinaigrette Salad Dressing Jug Gluten Free, No Artificial Flavors or added MSG, 1 Gallon 3.78 Liter Pack of 2","","","","","Pickup available","in 3+ days","Delivery",""
"https://www.walmart.ca/en/ip/Wheat-Free-Gluten-Free-Cookbook-for-Kids-and-Busy-Adults/5ORLWQI2566F?classType=REGULAR&from=/search","Wheat-Free, Gluten-Free Cookbook for Kids and Busy Adults","","https://i5.walmartimages.com/asr/8e402f64-c3ab-4bb8-b54d-0127c8d20eb0_1.90856e741d71db4bc57d6857f8a74539.jpeg?odnHeight=580&odnWidth=580&odnBg=FFFFFF","Add","$30.25","current price $30.25","","","Wheat-Free, Gluten-Free Cookbook for Kids and Busy Adults","","","","","Pickup available","in 3+ days","Delivery",""
"https://www.walmart.ca/en/ip/Andy-Anand-Gluten-Free-Caramel-Walnut-Cake-9-Delectable-Gift-Box-Shipped-2nd-Day-Air-Amazing-Delicious-Decadent-2-6-lbs/4MDV8MGAHPC5?classType=REGULAR&from=/search","Andy Anand Gluten Free Caramel Walnut Cake 9"", Delectable Gift Box, Shipped 2nd Day Air, Amazing-Delicious-Decadent (2.6 lbs)","","https://i5.walmartimages.com/asr/e2eacca3-3530-4bb0-8c8b-946eb0ad5312.e18a05bc5613c179bdad4fb3930a3ada.jpeg?odnHeight=580&odnWidth=580&odnBg=FFFFFF","Add","$78.84","current price $78.84","","Andy Anand","Andy Anand Gluten Free Caramel Walnut Cake 9"", Delectable Gift Box, Shipped 2nd Day Air, Amazing-Delicious-Decadent (2.6 lbs)","","","","","Pickup available","in 3+ days","Delivery",""
"https://www.walmart.ca/en/ip/Gluten-Free-Diet-Beginners-Create-Your-Lifestyle-Vibrant-Health-Wellness-Weight-Loss-Gluten-Free-Recipes-Guide-Celiac-Disease-Cookbook/5DLK4NIMR74G?classType=REGULAR&from=/search","Gluten-Free Diet for Beginners: Create Your Gluten-Free Lifestyle for Vibrant Health, Wellness and Weight Loss (Gluten-Free Recipes Guide, Celiac Disease Cookbook)","","https://i5.walmartimages.com/asr/6b62f369-cafb-4bef-b2d7-457fafdcacc7.41f0fddc20ff46b852f1e55d4f66b34d.jpeg?odnHeight=580&odnWidth=580&odnBg=FFFFFF","Add","$48.29","current price $48.29","","","Gluten-Free Diet for Beginners: Create Your Gluten-Free Lifestyle for Vibrant Health, Wellness and Weight Loss (Gluten-Free Recipes Guide, Celiac Disease Cookbook)","","","","","Pickup available","in 3+ days","Delivery",""
"https://www.walmart.ca/en/ip/Simply-Gluten-free-Desserts/7KEC3EGZ49MR?classType=REGULAR&from=/search","Simply . . . Gluten-free Desserts","","https://i5.walmartimages.com/asr/0dd8b8de-a797-4361-bd26-d6a8db565479.8842a1d5d1c10052c0dd5df9fdb7fcc0.jpeg?odnHeight=580&odnWidth=580&odnBg=FFFFFF","Add","$58.74","current price $58.74","","","Simply . . . Gluten-free Desserts","","","","","Pickup available","in 3+ days","Delivery",""
"https://www.walmart.ca/en/ip/Celiac-Disease-Cookbook-for-the-Newly-Diagnosed-Guidance-and-Recipes-for-an-Easy-Transition-to-the-Gluten-Free-Diet/64LH2RPPVC4M?classType=REGULAR&from=/search","Celiac Disease Cookbook for the Newly Diagnosed: Guidance and Recipes for an Easy Transition to the Gluten-Free Diet","","https://i5.walmartimages.com/asr/d210f345-74fe-4e6d-b5b6-b5e6c255771a.557d56057cb1c986623d7598a9ffb503.jpeg?odnHeight=580&odnWidth=580&odnBg=FFFFFF","Add","$39.90","current price $39.90","","Rockridge Press","Celiac Disease Cookbook for the Newly Diagnosed: Guidance and Recipes for an Easy Transition to the Gluten-Free Diet","4","4 out of 5 stars. 4 reviews","","","Pickup available","in 3+ days","Delivery",""
"https://www.walmart.ca/en/ip/Hidden-Valley-Original-Ranch-Salad-Dressing-Topping-Gluten-Free-Toss-Valley-Ranch-greens-pasta-easy-delicious-side-dish-meal/6000188765216?classType=REGULAR&from=/search","Hidden Valley Original Ranch Salad Dressing & Topping, Gluten Free, Toss Hidden Valley® Original Ranch® Dressing with greens, pasta and more for an easy, delicious side dish or meal,, 1.06L","","https://i5.walmartimages.com/asr/7632d536-9bc9-4325-abc3-3f448260123b.5ac86a568a978b47c1fc2d9d14405dd8.jpeg?odnHeight=580&odnWidth=580&odnBg=FFFFFF","Add","$7.47","current price $7.47","75¢/100ml","Hidden Valley","Hidden Valley Original Ranch Salad Dressing & Topping, Gluten Free, Toss Hidden Valley® Original Ranch® Dressing with greens, pasta and more for an easy, delicious side dish or meal,, 1.06L","478","4.5502 out of 5 stars. 478 reviews","Free Delivery with","https://i5.walmartimages.com/dfw/3ccc2d91-49dd/k2-_2dc6530f-2ead-40b6-8ec8-fedc1c0c8978.v1.png","Pickup","today","Delivery","today"
"https://www.walmart.ca/en/ip/The-Gluten-Free-Vegan-150-Delicious-Gluten-Free-Animal-Free-Recipes/2OH67HKKX7SR?classType=REGULAR&from=/search","The Gluten-Free Vegan: 150 Delicious Gluten-Free, Animal-Free Recipes","","https://i5.walmartimages.com/asr/f95c1f09-d43d-4781-a92a-2dbcb511e415_1.980107dd4795b462ed790290c6f6e9b3.jpeg?odnHeight=580&odnWidth=580&odnBg=FFFFFF","Add","$46.36","current price $46.36","","Da Capo Press","The Gluten-Free Vegan: 150 Delicious Gluten-Free, Animal-Free Recipes","1","2 out of 5 stars. 1 reviews","","","Pickup available","in 3+ days","Delivery",""
"https://www.walmart.ca/en/ip/The-Gluten-Free-Bread-Machine-Cookbook-175-Recipes-for-Splendid-Breads-and-Delicious-Dishes-to-Make-with-Them/27O2CF1QHOHT?classType=REGULAR&from=/search","The Gluten-Free Bread Machine Cookbook: 175 Recipes for Splendid Breads and Delicious Dishes to Make with Them","","https://i5.walmartimages.com/asr/3b1cdd73-e22f-4d57-97b8-146e91dddcbf_1.ffd8b576fddb59f98580fb8a36783da3.jpeg?odnHeight=580&odnWidth=580&odnBg=FFFFFF","Add","$52.30","current price $52.30","","Harvard Common Press","The Gluten-Free Bread Machine Cookbook: 175 Recipes for Splendid Breads and Delicious Dishes to Make with Them","1","5 out of 5 stars. 1 reviews","","","Pickup available","in 3+ days","Delivery",""
"https://www.walmart.ca/en/ip/Bob-s-Red-Mill-Gluten-Free-TVP-Textured-Vegetable-Protein-12-oz/501SKS9OWN4G?classType=REGULAR&from=/search","Bob's Red Mill - Gluten-Free TVP Textured Vegetable Protein - 12 oz.","","https://i5.walmartimages.com/asr/390303b8-0a4d-4525-9640-54984683602b_1.67dea3c81974a303e35fdf47ed4eb0eb.jpeg?odnHeight=580&odnWidth=580&odnBg=FFFFFF","Add","$17.99","current price $17.99","","Bob's Red Mill","Bob's Red Mill - Gluten-Free TVP Textured Vegetable Protein - 12 oz.","169","4.787 out of 5 stars. 169 reviews","","","Pickup available","in 3+ days","Delivery",""
"https://www.walmart.ca/en/ip/Gluten-Free-Comfort-Foods-A-Crave-Worthy-Cookbook-of-Familiar-Favorites/34V3VN21FR2H?classType=REGULAR&from=/search","Gluten-Free Comfort Foods: A Crave-Worthy Cookbook of Familiar Favorites","","https://i5.walmartimages.com/asr/624e41ab-d505-4ab9-8ce5-bba9fe6d735f.4f3116f7bfb6ab4a9a55871463efb8a7.jpeg?odnHeight=580&odnWidth=580&odnBg=FFFFFF","Add","$44.90","current price $44.90","","","Gluten-Free Comfort Foods: A Crave-Worthy Cookbook of Familiar Favorites","","","","","Pickup available","in 3+ days","Delivery",""
"https://www.walmart.ca/en/ip/Kupiec-Gluten-Free-Yoghurt-Coated-Rice-Cakes-60g/5IB0B5WRZ8PS?classType=REGULAR&athbdg=L1102&from=/search","Kupiec Gluten-Free Yoghurt Coated Rice Cakes, 60g, Kupiec Yoghurt Rice Cakes 60g","100+ bought in past month","https://i5.walmartimages.com/asr/4d0ca4a5-ca7d-409e-ae8e-8ced9b60291c.7f5f56e46e49b0a7237af19ae0d95aeb.jpeg?odnHeight=580&odnWidth=580&odnBg=FFFFFF","Add","$1.94","current price $1.94","","Kupiec","Kupiec Gluten-Free Yoghurt Coated Rice Cakes, 60g, Kupiec Yoghurt Rice Cakes 60g","","","Free Delivery with","https://i5.walmartimages.com/dfw/3ccc2d91-49dd/k2-_2dc6530f-2ead-40b6-8ec8-fedc1c0c8978.v1.png","Pickup","today","Delivery","today"
"https://www.walmart.ca/en/ip/Kupiec-Gluten-Free-Dark-Chocolate-Rice-Cakes-60g/1C41AJFL8AO8?classType=REGULAR&athbdg=L1102&from=/search","Kupiec Gluten-Free Dark Chocolate Rice Cakes, 60g, Kupiec DarkChoco Rice Cakes60g","200+ bought in past month","https://i5.walmartimages.com/asr/70415f58-4265-4659-8446-a0fc7646686c.be2514cdda5711a2db13a075e68ecd59.png?odnHeight=580&odnWidth=580&odnBg=FFFFFF","Add","$1.94","current price $1.94","$3.23/100g","Kupiec","Kupiec Gluten-Free Dark Chocolate Rice Cakes, 60g, Kupiec DarkChoco Rice Cakes60g","","","Free Delivery with","https://i5.walmartimages.com/dfw/3ccc2d91-49dd/k2-_2dc6530f-2ead-40b6-8ec8-fedc1c0c8978.v1.png","Pickup","today","Delivery","today"
"https://www.walmart.ca/en/ip/The-Gluten-Free-Asian-Kitchen-Recipes-for-Noodles-Dumplings-Sauces-and-More/2HAWGMLQ9S0Z?classType=REGULAR&from=/search","The Gluten-Free Asian Kitchen: Recipes for Noodles, Dumplings, Sauces, and More","","https://i5.walmartimages.com/asr/ce33844a-6afd-4ec4-9f98-2497ae1117ae_1.02f95f4f6da86dc84ba3d1acf59b5939.jpeg?odnHeight=580&odnWidth=580&odnBg=FFFFFF","Add","$43.59","current price $43.59","","","The Gluten-Free Asian Kitchen: Recipes for Noodles, Dumplings, Sauces, and More","","","","","Pickup available","in 3+ days","Delivery",""
"https://www.walmart.ca/en/ip/5-Ingredient-Air-Fryer-Recipes-200-Delicious-and-Easy-Meal-Ideas-Including-Gluten-Free-and-Vegan/4O94X1XD8O5H?classType=REGULAR&from=/search","5-Ingredient Air Fryer Recipes: 200 Delicious and Easy Meal Ideas Including Gluten-Free and Vegan","","https://i5.walmartimages.com/asr/6f6064a5-a155-4762-8385-e1b3c8258a53.a1e223b276dbb7252984f46ece141537.jpeg?odnHeight=580&odnWidth=580&odnBg=FFFFFF","Add","$35.90","current price $35.90","","","5-Ingredient Air Fryer Recipes: 200 Delicious and Easy Meal Ideas Including Gluten-Free and Vegan","1","5 out of 5 stars. 1 reviews","","","Pickup available","in 3+ days","Delivery",""
"https://www.walmart.ca/en/ip/Betty-Crocker-20-Best-Gluten-Free-Dessert-Recipes/3AZKBO04XETL?classType=REGULAR&from=/search","Betty Crocker 20 Best Gluten-Free Dessert Recipes","","https://i5.walmartimages.com/asr/c99c8f45-948a-4472-8404-ac6ca41727a7_1.4762fd9f094a4de197f4c693b4d4230f.jpeg?odnHeight=580&odnWidth=580&odnBg=FFFFFF","Add","$25.21","current price $25.21","","","Betty Crocker 20 Best Gluten-Free Dessert Recipes","","","","","Pickup available","in 3+ days","Delivery",""
"https://www.walmart.ca/en/ip/Easy-Tasty-Healthy-Delicious-Everyday-Recipes-all-Free-from-Gluten-Dairy-Sugar-Soya-Eggs-and-Yeast/7GK67BSYM89G?classType=REGULAR&from=/search","Easy. Tasty. Healthy.: Delicious Everyday Recipes all Free from Gluten, Dairy, Sugar, Soya, Eggs and Yeast","","https://i5.walmartimages.com/asr/8838e941-6531-47bf-90bd-0771c9e44993.c44377e84bb074546d59660be31235ad.jpeg?odnHeight=580&odnWidth=580&odnBg=FFFFFF","Add","$57.73","current price $57.73","","","Easy. Tasty. Healthy.: Delicious Everyday Recipes all Free from Gluten, Dairy, Sugar, Soya, Eggs and Yeast","","","","","Pickup available","in 3+ days","Delivery",""
"https://www.walmart.ca/en/ip/Hellmann-s-Dressing-Honey-Dijon-Gluten-Free-3-78L-1-Gallon-2-Case/2NEXSM8T4ASX?classType=REGULAR&athbdg=L1700&from=/search","Hellmann's Dressing Honey Dijon Gluten-Free 3.78L/1 Gallon (2/Case)","Reduced price","https://i5.walmartimages.com/asr/26c37310-721a-48ef-bb53-a7557644799e.2db1d157cb9798d5bcf9bc89a64b2d3a.jpeg?odnHeight=580&odnWidth=580&odnBg=FFFFFF","Add","Now $100.91","current price Now $100.91","","Hellmann's","Hellmann's Dressing Honey Dijon Gluten-Free 3.78L/1 Gallon (2/Case)","","","","","Pickup available","in 3+ days","Delivery",""
"https://www.walmart.ca/en/ip/Kupiec-Gluten-Free-Mango-Yoghurt-Coated-Rice-Cakes-60g/3O8XXJYTQTNX?classType=REGULAR&athbdg=L1102&from=/search","Kupiec Gluten-Free Mango Yoghurt Coated Rice Cakes, 60g, Kupiec MangoYog. Rice Cakes60g","100+ bought in past month","https://i5.walmartimages.com/asr/9a5569bb-cbd0-4885-b666-445f25c1b0b8.d46b6ae44e05184c2ad8eab802f02c41.jpeg?odnHeight=580&odnWidth=580&odnBg=FFFFFF","Add","$1.94","current price $1.94","$3.23/100g","Kupiec","Kupiec Gluten-Free Mango Yoghurt Coated Rice Cakes, 60g, Kupiec MangoYog. Rice Cakes60g","","","Free Delivery with","https://i5.walmartimages.com/dfw/3ccc2d91-49dd/k2-_2dc6530f-2ead-40b6-8ec8-fedc1c0c8978.v1.png","Pickup","today","Delivery","today"
"https://www.walmart.ca/en/ip/Cooking-with-Avocados-Delicious-Gluten-Free-Recipes-for-Every-Meal/3S7K6386G4HE?classType=REGULAR&from=/search","Cooking with Avocados: Delicious Gluten-Free Recipes for Every Meal","","https://i5.walmartimages.com/asr/b6d28e5e-3cf3-46e5-9571-6cc1a1eeff82.d0ec5fcf9f70f895d3597095c908f169.jpeg?odnHeight=580&odnWidth=580&odnBg=FFFFFF","Add","$37.23","current price $37.23","","","Cooking with Avocados: Delicious Gluten-Free Recipes for Every Meal","","","","","Pickup available","in 3+ days","Delivery",""
"https://www.walmart.ca/en/ip/Walkers-Shortbread-Gluten-Free-Shortbread-Rounds-4-9-Ounce-Pack-of-10/31VZ4ZYTYX9H?classType=REGULAR&from=/search","Walkers Shortbread Gluten-Free Shortbread Rounds, 4.9 Ounce Pack of 10","","https://i5.walmartimages.com/asr/5617197d-cfd0-4188-b5b3-5ed782adbc36.e599766ba8c95c085e98757a789ff07f.jpeg?odnHeight=580&odnWidth=580&odnBg=FFFFFF","Add","$114.54","current price $114.54","","Walkers","Walkers Shortbread Gluten-Free Shortbread Rounds, 4.9 Ounce Pack of 10","1","1 out of 5 stars. 1 reviews","","","Pickup available","in 3+ days","Delivery",""
"https://www.walmart.ca/en/ip/The-Essential-Gluten-Free-Baking-Guide-Part-2-Enhanced-Edition/2DU5R8ZFI5IS?classType=REGULAR&from=/search","The Essential Gluten-Free Baking Guide Part 2 (Enhanced Edition)","","https://i5.walmartimages.com/asr/6856cdbc-e476-4d1c-ab7d-874cca75a38e_1.e9408aa28fc09ce6010b6e326a1d9d45.jpeg?odnHeight=580&odnWidth=580&odnBg=FFFFFF","Add","$55.85","current price $55.85","","","The Essential Gluten-Free Baking Guide Part 2 (Enhanced Edition)","","","","","Pickup available","in 3+ days","Delivery",""
"https://www.walmart.ca/en/ip/Gluten-Free-on-a-Shoestring-125-Easy-Recipes-for-Eating-Well-on-the-Cheap/5B0AM4GA35FC?classType=REGULAR&from=/search","Gluten-Free on a Shoestring: 125 Easy Recipes for Eating Well on the Cheap","","https://i5.walmartimages.com/asr/f0b058ce-0d4d-4e33-acbf-3f45e4be30ca.7cdc6032d5dcdb35038d6bd639e1d0ec.jpeg?odnHeight=580&odnWidth=580&odnBg=FFFFFF","Add","$37.18","current price $37.18","","Spring Arbor/Ingram","Gluten-Free on a Shoestring: 125 Easy Recipes for Eating Well on the Cheap","","","","","Pickup available","in 3+ days","Delivery",""
"https://www.walmart.ca/en/ip/Delicious-Gluten-Free-Baking-Sweet-and-savoury-recipes-for-everyone-to-enjoy/1GQDREF6ONT1?classType=REGULAR&from=/search","Delicious Gluten-Free Baking: Sweet and savoury recipes for everyone to enjoy","","https://i5.walmartimages.com/asr/6486e685-135f-4ffc-bee5-c160fba6d6a8.e1802b0966b96f30f42caf7e374c8ab3.jpeg?odnHeight=580&odnWidth=580&odnBg=FFFFFF","Add","$64.15","current price $64.15","","","Delicious Gluten-Free Baking: Sweet and savoury recipes for everyone to enjoy","","","","","Pickup available","in 3+ days","Delivery",""
"https://www.walmart.ca/en/ip/The-Essential-Gluten-Free-Baking-Guide-Part-1-Enhanced-Edition/53R1J2UW1CH1?classType=REGULAR&from=/search","The Essential Gluten-Free Baking Guide Part 1 (Enhanced Edition)","","https://i5.walmartimages.com/asr/1619a8a3-e218-4056-a9b1-8f5629e92aa8_1.30d477e27382dc9895e361f7c757c622.jpeg?odnHeight=580&odnWidth=580&odnBg=FFFFFF","Add","$67.73","current price $67.73","","","The Essential Gluten-Free Baking Guide Part 1 (Enhanced Edition)","","","","","Pickup available","in 3+ days","Delivery",""
"https://www.walmart.ca/en/ip/The-Paleo-Slow-Cooker-Healthy-Gluten-Free-Meals-the-Easy-Way/3ECA90M3SZD2?classType=REGULAR&from=/search","The Paleo Slow Cooker: Healthy, Gluten-Free Meals the Easy Way","","https://i5.walmartimages.com/asr/07bf1459-e757-4e32-9246-26cbdd17bf31_1.c2b4a75792a73aad6ee894c172249970.jpeg?odnHeight=580&odnWidth=580&odnBg=FFFFFF","Add","$46.12","current price $46.12","","","The Paleo Slow Cooker: Healthy, Gluten-Free Meals the Easy Way","1","3 out of 5 stars. 1 reviews","","","Pickup available","in 3+ days","Delivery",""
"https://www.walmart.ca/en/ip/The-Savory-Gluten-Free-Baker-60-Delicious-Recipes-for-the-Gluten-Intolerant/3B8WTWYMUOMA?classType=REGULAR&from=/search","The Savory Gluten-Free Baker: 60 Delicious Recipes for the Gluten Intolerant","","https://i5.walmartimages.com/asr/5aaeb57a-cd06-49dd-bc33-76fad5b73420.d11ba358b6b13474d5c9a91de95d1ff2.jpeg?odnHeight=580&odnWidth=580&odnBg=FFFFFF","Add","$54.15","current price $54.15","","","The Savory Gluten-Free Baker: 60 Delicious Recipes for the Gluten Intolerant","","","","","Pickup available","in 3+ days","Delivery",""
"https://www.walmart.ca/en/ip/Cooking-for-Isaiah-Gluten-Free-and-Dairy-Free-Recipes-for-Easy-Delicious-Meals/2QV72530SA0N?classType=REGULAR&from=/search","Cooking for Isaiah: Gluten-Free and Dairy-Free Recipes for Easy, Delicious Meals","","https://i5.walmartimages.com/asr/60b47db9-1a2b-4222-8c34-af830b1bc77e.49a3a0294b42fbdf8dffac0f9863fba1.jpeg?odnHeight=580&odnWidth=580&odnBg=FFFFFF","Add","$50.56","current price $50.56","","Reader's Digest/Taste of Home","Cooking for Isaiah: Gluten-Free and Dairy-Free Recipes for Easy, Delicious Meals","","","","","Pickup available","in 3+ days","Delivery",""
"https://www.walmart.ca/en/ip/Complete-Gluten-Free-Whole-Grains-Cookbook-Judith-Finlayson-Paperback/69DQ5VP4HS7C?classType=REGULAR&from=/search","Complete Gluten-Free Whole Grains Cookbook, Judith Finlayson Paperback","","https://i5.walmartimages.com/asr/35508511-b9c4-41fe-a9ca-bbaa36a8113b_1.b9e09227bbe0d5540e9ac2c7f1f303ec.jpeg?odnHeight=580&odnWidth=580&odnBg=FFFFFF","Add","$34.23","current price $34.23","","Judith Finlayson","Complete Gluten-Free Whole Grains Cookbook, Judith Finlayson Paperback","","","","","Pickup available","in 3+ days","Delivery",""
"https://www.walmart.ca/en/ip/One-Pot-Paleo-Simple-to-Make-Delicious-to-Eat-and-Gluten-free-to-Boot/624P5L0T366E?classType=REGULAR&from=/search","One-Pot Paleo: Simple to Make, Delicious to Eat and Gluten-free to Boot","","https://i5.walmartimages.com/asr/5418343f-fef3-442e-be9c-4890dff9ba0d.c2da350a6775cc46e2d8b855f84cf6fb.jpeg?odnHeight=580&odnWidth=580&odnBg=FFFFFF","Add","$47.55","current price $47.55","","","One-Pot Paleo: Simple to Make, Delicious to Eat and Gluten-free to Boot","","","","","Pickup available","in 3+ days","Delivery",""
"https://www.walmart.ca/en/ip/Rootalive-Organic-Cassava-Flour-Gluten-Free-and-Vegan-in-a-Resealable-Bag-500g/3WLWG70WMG69?classType=REGULAR&from=/search","Rootalive Organic Cassava Flour, Gluten-Free and Vegan  in a Resealable Bag, 500g","","https://i5.walmartimages.com/asr/9f3748cb-1c4a-4ff7-a3d3-c4439abf3274.e82afee81e1d1e89c3e4119f8ccc9434.jpeg?odnHeight=580&odnWidth=580&odnBg=FFFFFF","Add","$14.88","current price $14.88","","Rootalive","Rootalive Organic Cassava Flour, Gluten-Free and Vegan  in a Resealable Bag, 500g","","","","","Pickup available","in 2 days","Delivery",""
"https://www.walmart.ca/en/ip/The-Coconut-Flour-Gourmet-150-Delicious-Gluten-Free-Coconut-Flour-Recipes/68VN41NVBGTD?classType=REGULAR&from=/search","The Coconut Flour Gourmet: 150 Delicious Gluten-Free Coconut Flour Recipes","","https://i5.walmartimages.com/asr/d9ef4927-22ad-443c-bdb8-294360011e4d.5ca6a26e07b6da1db35d47c954dab935.jpeg?odnHeight=580&odnWidth=580&odnBg=FFFFFF","Add","$34.04","current price $34.04","","","The Coconut Flour Gourmet: 150 Delicious Gluten-Free Coconut Flour Recipes","","","","","Pickup available","in 3+ days","Delivery",""
"https://www.walmart.ca/en/ip/Whole-Bowls-Complete-Gluten-Free-and-Vegetarian-Meals-to-Power-Your-Day/6Z3193RSPVTZ?classType=REGULAR&from=/search","Whole Bowls: Complete Gluten-Free and Vegetarian Meals to Power Your Day","","https://i5.walmartimages.com/asr/bb6fbb1f-3646-47f6-81cc-e9320aca9c2b_1.1f8cf512c60b00f1e34f7a7513bbeb5a.jpeg?odnHeight=580&odnWidth=580&odnBg=FFFFFF","Add","$85.60","current price $85.60","","","Whole Bowls: Complete Gluten-Free and Vegetarian Meals to Power Your Day","","","","","Pickup available","in 3+ days","Delivery",""
"https://www.walmart.ca/en/ip/Walkers-Shortbread-Gluten-Free-Shortbread-Rounds-4-9-Ounce-Pack-of-2/0XY7URU6CX1Y?classType=REGULAR&from=/search","Walkers Shortbread Gluten-Free Shortbread Rounds, 4.9 Ounce Pack of 2","","https://i5.walmartimages.com/asr/7fd300a8-c2b6-4fdb-8ec6-7b06dcdb3548.aac1ce4910c490b194a2d16d29cec4c7.jpeg?odnHeight=580&odnWidth=580&odnBg=FFFFFF","Add","$47.21","current price $47.21","","Walkers","Walkers Shortbread Gluten-Free Shortbread Rounds, 4.9 Ounce Pack of 2","","","","","Pickup available","in 3+ days","Delivery",""
"https://www.walmart.ca/en/ip/Home-Brewed-Gluten-Free-Beer-Make-More-Than-75-Craft-Beer-Recipes/59BFJ9OZO4VA?classType=REGULAR&from=/search","Home-Brewed Gluten-Free Beer: Make More Than 75 Craft Beer Recipes","","https://i5.walmartimages.com/asr/dfdcecf0-9932-4993-b0ea-c4e2e745f28a_1.a3387cc1175717c9b6da4f81816ea8ed.jpeg?odnHeight=580&odnWidth=580&odnBg=FFFFFF","Add","$67.25","current price $67.25","","","Home-Brewed Gluten-Free Beer: Make More Than 75 Craft Beer Recipes","","","","","Pickup available","in 3+ days","Delivery",""
"https://www.walmart.ca/en/ip/Gluten-Free-Miniature-Desserts-Tarts-Mini-Pies-Cake-Pops-and-More/4H9EEH39PPYU?classType=REGULAR&from=/search","Gluten-Free Miniature Desserts: Tarts, Mini Pies, Cake Pops, and More","","https://i5.walmartimages.com/asr/629354e1-403a-4fb8-baaf-e9f1ec49b5a9_1.e3fce198850e82648a03aee1b0e88641.jpeg?odnHeight=580&odnWidth=580&odnBg=FFFFFF","Add","$32.99","current price $32.99","","","Gluten-Free Miniature Desserts: Tarts, Mini Pies, Cake Pops, and More","","","","","Pickup available","in 3+ days","Delivery",""
"https://www.walmart.ca/en/ip/Bob-s-Red-Mill-25-lb-Gluten-Free-Brownie-Mix/7GJDSHUYZ0BL?classType=REGULAR&athbdg=L1700&from=/search","Bob's Red Mill 25 lb. Gluten-Free Brownie Mix","Reduced price","https://i5.walmartimages.com/asr/a94cf717-9122-4fbe-ac1e-a5fdbb53ae4e.96edfd44d7f264720f197d2aae2e174f.jpeg?odnHeight=580&odnWidth=580&odnBg=FFFFFF","Add","Now $287.59","current price Now $287.59","","a2zbaazar","Bob's Red Mill 25 lb. Gluten-Free Brownie Mix","","","","","Delivery","in 3+ days","",""
"https://www.walmart.ca/en/ip/More-from-the-Gluten-Free-Gourmet-Delicious-Dining-Without-Wheat/2KURU067HI97?classType=REGULAR&from=/search","More from the Gluten-Free Gourmet: Delicious Dining Without Wheat","","https://i5.walmartimages.com/asr/55c22eb4-5a0c-4135-bf25-566b5ee765a5_1.76fc41ed17211368b694842569b58068.jpeg?odnHeight=580&odnWidth=580&odnBg=FFFFFF","Add","$36.52","current price $36.52","","","More from the Gluten-Free Gourmet: Delicious Dining Without Wheat","","","","","Pickup available","in 3+ days","Delivery",""
"https://www.walmart.ca/en/ip/FODMAP-Friendly-95-Vegetarian-and-Gluten-Free-Recipes-for-the-Digestively-Challenged/5S7TQIPFS08H?classType=REGULAR&from=/search","FODMAP Friendly: 95 Vegetarian and Gluten-Free Recipes for the Digestively Challenged","","https://i5.walmartimages.com/asr/91101efc-9961-437b-875d-1028d2699109.53076b4870c79f7c93dbadc846a32c3b.jpeg?odnHeight=580&odnWidth=580&odnBg=FFFFFF","Add","$54.14","current price $54.14","","The Experiment","FODMAP Friendly: 95 Vegetarian and Gluten-Free Recipes for the Digestively Challenged","","","","","Pickup available","in 3+ days","Delivery",""
"https://www.walmart.ca/en/ip/Gluten-Free-Girl-and-the-Chef-A-Love-Story-with-100-Tempting-Recipes/1UJ1OL1T3HBX?classType=REGULAR&from=/search","Gluten-Free Girl and the Chef: A Love Story with 100 Tempting Recipes","","https://i5.walmartimages.com/asr/da4d5037-2385-44d3-9c47-a1c665641d5b.fee7ec846fc40e4bcce1e28d80216435.jpeg?odnHeight=580&odnWidth=580&odnBg=FFFFFF","Add","$35.30","current price $35.30","","","Gluten-Free Girl and the Chef: A Love Story with 100 Tempting Recipes","","","","","Pickup available","in 3+ days","Delivery",""
"https://www.walmart.ca/en/ip/ELAN-Organic-Gluten-Free-Cinnamon-Apples-90g-x-8-Pack/1QCXAUJR3VG0?classType=REGULAR&from=/search","ELAN Organic Gluten-Free Cinnamon Apples, 90g x 8 Pack","","https://i5.walmartimages.com/asr/8d74b61c-cdc4-4d28-b447-5c54cf7552b0.caf3b79039874b57d7a84fa89de918d6.jpeg?odnHeight=580&odnWidth=580&odnBg=FFFFFF","Add","$50.49","current price $50.49","","ELAN","ELAN Organic Gluten-Free Cinnamon Apples, 90g x 8 Pack","","","","","Pickup available","in 3+ days","Delivery",""
"https://www.walmart.ca/en/ip/Gluten-Free-Made-Simple-Easy-Everyday-Meals-That-Everyone-Can-Enjoy/6BOJB6XEFIYX?classType=REGULAR&from=/search","Gluten-Free Made Simple: Easy Everyday Meals That Everyone Can Enjoy","","https://i5.walmartimages.com/asr/d51e804b-f0c3-428a-b14c-d3290c87bc6c.9678d530c6763f87db8dff0dde8da2b6.jpeg?odnHeight=580&odnWidth=580&odnBg=FFFFFF","Add","$33.32","current price $33.32","","","Gluten-Free Made Simple: Easy Everyday Meals That Everyone Can Enjoy","","","","","Pickup available","in 3+ days","Delivery",""
"https://www.walmart.ca/en/ip/Whole-Bowls-Complete-Gluten-Free-and-Vegetarian-Meals-to-Power-Your-Day/4ZDCEJYIQN5J?classType=REGULAR&from=/search","Whole Bowls: Complete Gluten-Free and Vegetarian Meals to Power Your Day","","https://i5.walmartimages.com/asr/878313d9-6a67-4b94-9f9a-e0f39db5cc0f.562424afaadd2aec4341bed03b2944ba.jpeg?odnHeight=580&odnWidth=580&odnBg=FFFFFF","Add","$44.70","current price $44.70","","","Whole Bowls: Complete Gluten-Free and Vegetarian Meals to Power Your Day","","","","","Pickup available","in 3+ days","Delivery",""
"https://www.walmart.ca/en/ip/Welcoming-Kitchen-200-Delicious-Allergen-Gluten-Free-Vegan-Recipes/0WLHID3O7A8D?classType=REGULAR&from=/search","Welcoming Kitchen: 200 Delicious Allergen- & Gluten-Free Vegan Recipes","","https://i5.walmartimages.com/asr/e9ddd80f-e9bb-4456-a84b-8e85d820a22d_1.19cb5fdc1ab695134f3da3aeb02bb1ca.jpeg?odnHeight=580&odnWidth=580&odnBg=FFFFFF","Add","$48.42","current price $48.42","","","Welcoming Kitchen: 200 Delicious Allergen- & Gluten-Free Vegan Recipes","","","","","Pickup available","in 3+ days","Delivery",""
"https://www.walmart.ca/en/ip/ELAN-Organic-Gluten-Free-Maca-Cashews-160g-x-8-Pack/2CTXXSGGDQM8?classType=REGULAR&from=/search","ELAN Organic Gluten-Free Maca Cashews, 160g x 8 Pack","","https://i5.walmartimages.com/asr/82038c5a-2ce5-4392-8b3c-a750417507aa.f0e758f4e56a574344efa524f5e079e8.jpeg?odnHeight=580&odnWidth=580&odnBg=FFFFFF","Add","$57.99","current price $57.99","","ELAN","ELAN Organic Gluten-Free Maca Cashews, 160g x 8 Pack","","","","","Pickup available","in 3+ days","Delivery",""
"https://www.walmart.ca/en/ip/ELAN-Organic-Gluten-Free-Coconut-Cashews-160g-x-8-Pack/7BT8G3BE00KH?classType=REGULAR&from=/search","ELAN Organic Gluten-Free Coconut Cashews, 160g x 8 Pack","","https://i5.walmartimages.com/asr/e15cbe29-9a84-4896-be9a-5b8cb14d65ec.e450e47dedd78fd0471f4b0dd9545846.jpeg?odnHeight=580&odnWidth=580&odnBg=FFFFFF","Add","$64.99","current price $64.99","","ELAN","ELAN Organic Gluten-Free Coconut Cashews, 160g x 8 Pack","","","","","Pickup available","in 3+ days","Delivery",""
"https://www.walmart.ca/en/ip/ZOFF-Sambhar-Masala-100g-3-5-oz-Lentil-Soup-Spice-Blend-All-Natural-Vegan-No-Colour-Gluten-Free-Indian-Origin/60B0SE1T4DLX?classType=REGULAR&from=/search","ZOFF Sambhar Masala (100g | 3.5 oz) |Lentil Soup Spice Blend| All Natural | Vegan | No Colour | Gluten Free| Indian Origin","","https://i5.walmartimages.com/asr/ffabf6e8-b198-4025-8875-26d5a8f4e0f1.52dae705e5b4c62a80009029f5ab387e.png?odnHeight=580&odnWidth=580&odnBg=FFFFFF","Add","$2.49","current price $2.49","","ZOFF","ZOFF Sambhar Masala (100g | 3.5 oz) |Lentil Soup Spice Blend| All Natural | Vegan | No Colour | Gluten Free| Indian Origin","","","","","Pickup available","in 3+ days","Delivery",""
"https://www.walmart.ca/en/ip/Gems-of-Gluten-Free-Baking-Breads-and-Irresistible-Treats-Everyone-Can-Enjoy/263ADVAGNTB1?classType=REGULAR&from=/search","Gems of Gluten-Free Baking: Breads and Irresistible Treats Everyone Can Enjoy","","https://i5.walmartimages.com/asr/76fcd37a-248d-4069-8f8c-bb3830711b6e.0cca1a747d998f66c62211db6f9da174.jpeg?odnHeight=580&odnWidth=580&odnBg=FFFFFF","Add","$91.21","current price $91.21","","","Gems of Gluten-Free Baking: Breads and Irresistible Treats Everyone Can Enjoy","","","","","Pickup available","in 3+ days","Delivery",""
"https://www.walmart.ca/en/ip/The-Gluten-Free-Cookbook-Delicious-Breakfasts-Lunches-Kids-Parties-Sweets/26CFKEFRFYFP?classType=REGULAR&from=/search","The Gluten-Free Cookbook: Delicious Breakfasts, Lunches, Kids' Parties & Sweets","","https://i5.walmartimages.com/asr/2d43f25c-74a8-45aa-b8ce-a1618f6d77e5.c480b25c19e05c7566c3b16a238cfddb.jpeg?odnHeight=580&odnWidth=580&odnBg=FFFFFF","Add","$45.26","current price $45.26","","","The Gluten-Free Cookbook: Delicious Breakfasts, Lunches, Kids' Parties & Sweets","","","","","Pickup available","in 3+ days","Delivery",""
"https://www.walmart.ca/en/ip/The-Paleo-Chocolate-Lovers-Cookbook-80-Gluten-Free-Treats-for-Breakfast-and-Dessert/53KMZA84VISH?classType=REGULAR&from=/search","The Paleo Chocolate Lovers' Cookbook: 80 Gluten-Free Treats for Breakfast and Dessert","","https://i5.walmartimages.com/asr/daac7dee-6364-47a6-ad80-fccaff28e762.cf75372125d81e1a7baf2554fdd354c4.jpeg?odnHeight=580&odnWidth=580&odnBg=FFFFFF","Add","$50.36","current price $50.36","","The Paleo Chocolate Lovers' Cookbook","The Paleo Chocolate Lovers' Cookbook: 80 Gluten-Free Treats for Breakfast and Dessert","","","","","Pickup available","in 3+ days","Delivery",""
"https://www.walmart.ca/en/ip/The-Naked-Foods-Cookbook-The-Whole-Foods-Healthy-Fats-Gluten-Free-Guide-to-Losing-Weight-and-Feeling-Great/5IUVCALEN2O7?classType=REGULAR&from=/search","The Naked Foods Cookbook: The Whole-Foods, Healthy-Fats, Gluten-Free Guide to Losing Weight and Feeling Great","","https://i5.walmartimages.com/asr/eefdf6f8-63fd-498f-a064-4e9f54af203b.c0ac40b642d1142fc6a3cb2d0b1acd61.jpeg?odnHeight=580&odnWidth=580&odnBg=FFFFFF","Add","$46.48","current price $46.48","","","The Naked Foods Cookbook: The Whole-Foods, Healthy-Fats, Gluten-Free Guide to Losing Weight and Feeling Great","","","","","Pickup available","in 3+ days","Delivery",""
"https://www.walmart.ca/en/ip/The-Chickpea-Flour-Cookbook-Healthy-Gluten-Free-and-Grain-Free-Recipes-to-Power-Every-Meal-of-the-Day/4EK6M2VEU1IA?classType=REGULAR&from=/search","The Chickpea Flour Cookbook: Healthy Gluten-Free and Grain-Free Recipes to Power Every Meal of the Day","","https://i5.walmartimages.com/asr/3b158c5c-3641-4dda-a8bb-4504723de1ac_1.ec239abdec8493ab6681b56b4cffaa1d.jpeg?odnHeight=580&odnWidth=580&odnBg=FFFFFF","Add","$49.34","current price $49.34","","","The Chickpea Flour Cookbook: Healthy Gluten-Free and Grain-Free Recipes to Power Every Meal of the Day","","","","","Pickup available","in 3+ days","Delivery",""
"https://www.walmart.ca/en/ip/P-A-N-White-Corn-Meal-Pre-cooked-Gluten-Free-and-Kosher-Flour-for-Arepas-1-Kilogram-35-Ounces-2-Pounds-3-3-Ounces-Pack-of-3/78HGI2PFCK08?classType=REGULAR&athbdg=L1700&from=/search","P.A.N. White Corn Meal - Pre-cooked Gluten Free and Kosher Flour for Arepas, 1 Kilogram (35 Ounces / 2 Pounds 3.3 Ounces) (Pack of 3)","Reduced price","https://i5.walmartimages.com/asr/ba5dfdc2-45f7-459a-b22e-3954147db8d2.2bb9b960d33a2739b346b26919ad3a77.jpeg?odnHeight=580&odnWidth=580&odnBg=FFFFFF","Add","Now $23.98","current price Now $23.98","","P.A.N.","P.A.N. White Corn Meal - Pre-cooked Gluten Free and Kosher Flour for Arepas, 1 Kilogram (35 Ounces / 2 Pounds 3.3 Ounces) (Pack of 3)","1","1 out of 5 stars. 1 reviews","","","Pickup available","in 3+ days","Delivery",""
"https://www.walmart.ca/en/ip/The-Celiac-Disease-Diet-Plan-Your-Guide-to-a-Healthy-Gluten-Free-Lifestyle/7C61P63JRQH3?classType=REGULAR&from=/search","The Celiac Disease Diet Plan: Your Guide to a Healthy Gluten-Free Lifestyle","","https://i5.walmartimages.com/asr/d8a89cf0-1531-44c0-8ec5-6964b108d5c0.90da33086c1817584b665bd853e47057.jpeg?odnHeight=580&odnWidth=580&odnBg=FFFFFF","Add","$37.41","current price $37.41","","","The Celiac Disease Diet Plan: Your Guide to a Healthy Gluten-Free Lifestyle","","","","","Pickup available","in 3+ days","Delivery",""
"https://www.walmart.ca/en/ip/ELAN-Organic-Gluten-Free-Matcha-Almonds-160g-x-8-Pack/3V5B1ID1HEVQ?classType=REGULAR&from=/search","ELAN Organic Gluten-Free Matcha Almonds, 160g x 8 Pack","","https://i5.walmartimages.com/asr/f5806b24-a29e-480d-ab9f-d1da86bdb747.7ee300c0f2b22e5f9725a92f6cfb9873.jpeg?odnHeight=580&odnWidth=580&odnBg=FFFFFF","Add","$64.99","current price $64.99","","ELAN","ELAN Organic Gluten-Free Matcha Almonds, 160g x 8 Pack","","","","","Pickup available","in 3+ days","Delivery",""
"https://www.walmart.ca/en/ip/Kupiec-Gluten-Free-Forest-Fruits-Yoghurt-Coated-Rice-Cakes-60g/4DS8K1COA640?classType=REGULAR&athbdg=L1102&from=/search","Kupiec Gluten-Free Forest Fruits Yoghurt Coated Rice Cakes, 60g, Kupiec Forest Fruit Yog. RC60g","200+ bought in past month","https://i5.walmartimages.com/asr/fcdec0c3-aa7f-421a-803a-29ca0b0b6cd4.170eb358cc066c8991cb36484c4ff0b0.jpeg?odnHeight=580&odnWidth=580&odnBg=FFFFFF","Add","$1.94","current price $1.94","","Kupiec","Kupiec Gluten-Free Forest Fruits Yoghurt Coated Rice Cakes, 60g, Kupiec Forest Fruit Yog. RC60g","","","Free Delivery with","https://i5.walmartimages.com/dfw/3ccc2d91-49dd/k2-_2dc6530f-2ead-40b6-8ec8-fedc1c0c8978.v1.png","Pickup","today","Delivery","today"
"https://www.walmart.ca/en/ip/Deliciously-Ella-100-Easy-Healthy-and-Delicious-Plant-Based-Gluten-Free-Recipes/3XHL2FN0N948?classType=REGULAR&from=/search","Deliciously Ella: 100+ Easy, Healthy, and Delicious Plant-Based, Gluten-Free Recipes","","https://i5.walmartimages.com/asr/80291fac-0c98-431c-ab85-e68ea6e83e75_1.e0338aa34f539d3c52bfb86e4c3c59e2.jpeg?odnHeight=580&odnWidth=580&odnBg=FFFFFF","Add","$50.40","current price $50.40","","Scribner","Deliciously Ella: 100+ Easy, Healthy, and Delicious Plant-Based, Gluten-Free Recipes","1","1 out of 5 stars. 1 reviews","","","Pickup available","in 3+ days","Delivery",""
"https://www.walmart.ca/en/ip/Bob-s-Red-Mill-Oat-Rolled-Old-Fashioned-Gluten-Free-907g-2Lbs-4-Case/4DQ1JT5QFX41?classType=REGULAR&from=/search","Bob's Red Mill Oat Rolled Old Fashioned Gluten-Free 907g/2Lbs (4/Case)","","https://i5.walmartimages.com/asr/27c7dabd-bd42-485f-ba76-9d70b6f30e00.9dacd9ff70d9d2a5dc9e134ffe3ffa29.jpeg?odnHeight=580&odnWidth=580&odnBg=FFFFFF","Add","$92.39","current price $92.39","","Bob's Red Mill","Bob's Red Mill Oat Rolled Old Fashioned Gluten-Free 907g/2Lbs (4/Case)","","","","","Pickup available","in 3+ days","Delivery",""
"https://www.walmart.ca/en/ip/Gluten-Free-Meal-Prep-Cookbook-12-Weekly-Plans-and-Recipes-for-Ready-to-Go-Meals/66CHHVAGYMJT?classType=REGULAR&from=/search","Gluten-Free Meal Prep Cookbook: 12 Weekly Plans and Recipes for Ready-to-Go Meals","","https://i5.walmartimages.com/asr/b6dead12-d55d-4fcf-9a35-46c599043959.992608771415a4bfb6b2b7e147d3cfc0.jpeg?odnHeight=580&odnWidth=580&odnBg=FFFFFF","Add","$45.37","current price $45.37","","","Gluten-Free Meal Prep Cookbook: 12 Weekly Plans and Recipes for Ready-to-Go Meals","","","","","Pickup available","in 3+ days","Delivery",""
"https://www.walmart.ca/en/ip/The-Complete-Guide-to-Gluten-Free-and-Dairy-Free-Cooking-Over-200-Delicious-Recipes/43HJYSNADCHT?classType=REGULAR&from=/search","The Complete Guide to Gluten-Free and Dairy-Free Cooking: Over 200 Delicious Recipes","","https://i5.walmartimages.com/asr/f2522f2b-8778-4f61-8728-e7cf3a654d15.3170449a413bacd12bb074e01fc6a90b.jpeg?odnHeight=580&odnWidth=580&odnBg=FFFFFF","Add","$28.81","current price $28.81","","","The Complete Guide to Gluten-Free and Dairy-Free Cooking: Over 200 Delicious Recipes","","","","","Pickup available","in 3+ days","Delivery",""
"https://www.walmart.ca/en/ip/Cannelle-et-Vanille-Nourishing-Gluten-Free-Recipes-for-Every-Meal-and-Mood/28AUQKFP0FRH?classType=REGULAR&from=/search","Cannelle et Vanille: Nourishing, Gluten-Free Recipes for Every Meal and Mood","","https://i5.walmartimages.com/asr/9193e694-6958-45d7-ba20-63bd7ac247d4.7342ff517f6fff231b03fc882f68301c.jpeg?odnHeight=580&odnWidth=580&odnBg=FFFFFF","Add","$61.93","current price $61.93","","Sasquatch Books","Cannelle et Vanille: Nourishing, Gluten-Free Recipes for Every Meal and Mood","","","","","Pickup available","in 3+ days","Delivery",""
"https://www.walmart.ca/en/ip/BabyCakes-Covers-the-Classics-Gluten-Free-Vegan-Recipes-from-Donuts-to-Snickerdoodles/61GZ8SACF39J?classType=REGULAR&from=/search","BabyCakes Covers the Classics: Gluten-Free Vegan Recipes from Donuts to Snickerdoodles","","https://i5.walmartimages.com/asr/53b2f5e4-3f9a-4cc0-b018-f2c460fdb959.6243a4790730842b4e760d8b55fb22ef.jpeg?odnHeight=580&odnWidth=580&odnBg=FFFFFF","Add","$40.38","current price $40.38","","","BabyCakes Covers the Classics: Gluten-Free Vegan Recipes from Donuts to Snickerdoodles","","","","","Pickup available","in 3+ days","Delivery",""
"https://www.walmart.ca/en/ip/Paleo-Indulgences-Healthy-Gluten-Free-Recipes-to-Satisfy-Your-Primal-Cravings/4TMSU2OYJCKK?classType=REGULAR&from=/search","Paleo Indulgences: Healthy Gluten-Free Recipes to Satisfy Your Primal Cravings","","https://i5.walmartimages.com/asr/d91a714c-4fce-4ff4-8eb0-f73f59aecf76_1.025f650c54bcb9a7a9f3712c8ce13798.jpeg?odnHeight=580&odnWidth=580&odnBg=FFFFFF","Add","$38.32","current price $38.32","","","Paleo Indulgences: Healthy Gluten-Free Recipes to Satisfy Your Primal Cravings","","","","","Pickup available","in 3+ days","Delivery",""
"https://www.walmart.ca/en/ip/The-New-Yiddish-Kitchen-Gluten-Free-and-Paleo-Kosher-Recipes-for-the-Holidays-and-Every-Day/61B1LCKZVKND?classType=REGULAR&from=/search","The New Yiddish Kitchen: Gluten-Free and Paleo Kosher Recipes for the Holidays and Every Day","","https://i5.walmartimages.com/asr/f392955e-6ea5-4047-b895-bd505cd1a631_1.c7e73560d78535741a232cc219bdf3ff.jpeg?odnHeight=580&odnWidth=580&odnBg=FFFFFF","Add","$106.28","current price $106.28","","St. Martin's Press","The New Yiddish Kitchen: Gluten-Free and Paleo Kosher Recipes for the Holidays and Every Day","","","","","Pickup available","in 3+ days","Delivery",""
"https://www.walmart.ca/en/ip/Bob-s-Red-Mill-25-lb-Gluten-Free-Vanilla-Yellow-Cake-Mix/4RF25KC0OAI9?classType=REGULAR&athbdg=L1700&from=/search","Bob's Red Mill 25 lb. Gluten-Free Vanilla Yellow Cake Mix","Reduced price","https://i5.walmartimages.com/asr/d009d143-1594-42b9-9d47-25297b1a7d2a.8ab4facf4059330dd5bb8c12f8a30443.jpeg?odnHeight=580&odnWidth=580&odnBg=FFFFFF","Add","Now $248.49","current price Now $248.49","","a2zbaazar","Bob's Red Mill 25 lb. Gluten-Free Vanilla Yellow Cake Mix","","","","","Pickup available","in 3+ days","Delivery",""
"https://www.walmart.ca/en/ip/Everyday-Paleo-Around-the-World-Italian-Cuisine-Authentic-Recipes-Made-Gluten-Free/60LZPK1N8DJA?classType=REGULAR&from=/search","Everyday Paleo Around the World: Italian Cuisine: Authentic Recipes Made Gluten-Free","","https://i5.walmartimages.com/asr/4a1b0539-1520-4acd-ad92-9109e535bd60.aa7f4e51201ef5cf5cefef2b329f67db.jpeg?odnHeight=580&odnWidth=580&odnBg=FFFFFF","Add","$45.79","current price $45.79","","","Everyday Paleo Around the World: Italian Cuisine: Authentic Recipes Made Gluten-Free","","","","","Pickup available","in 3+ days","Delivery",""
"https://www.walmart.ca/en/ip/Kids-with-Celiac-Disease-A-Family-Guide-to-Raising-Happy-Healthy-Gluten-Free-Children/1XIBKMWLR4AJ?classType=REGULAR&from=/search","Kids with Celiac Disease: A Family Guide to Raising Happy, Healthy, Gluten-Free Children","","https://i5.walmartimages.com/asr/611b7bbf-a99a-4bb4-ab37-c8ca92b048e0.c36b6cfc3a8b8256cdb0678eae74a0ce.jpeg?odnHeight=580&odnWidth=580&odnBg=FFFFFF","Add","$42.63","current price $42.63","","","Kids with Celiac Disease: A Family Guide to Raising Happy, Healthy, Gluten-Free Children","","","","","Pickup available","in 3+ days","Delivery",""
"https://www.walmart.ca/en/ip/Unbelieva-bowl-Paleo-60-Wholesome-One-Dish-Recipes-You-Won-t-Believe-Are-Dairy-and-Gluten-Free/613RBFNVPIV9?classType=REGULAR&from=/search","Unbelieva-bowl Paleo: 60 Wholesome One-Dish Recipes You Won't Believe Are Dairy- and Gluten-Free","","https://i5.walmartimages.com/asr/d1f901cc-57f7-43db-854a-b6462179d4b0.82c6ac881c960582e208660ee98454b7.jpeg?odnHeight=580&odnWidth=580&odnBg=FFFFFF","Add","$43.53","current price $43.53","","","Unbelieva-bowl Paleo: 60 Wholesome One-Dish Recipes You Won't Believe Are Dairy- and Gluten-Free","","","","","Pickup available","in 3+ days","Delivery",""
"https://www.walmart.ca/en/ip/The-Rawsome-Vegan-Cookbook-A-Balance-of-Raw-and-Lightly-Cooked-Gluten-Free-Plant-Based-Meals-for-Healthy-Living/1TV2GJI5KGYO?classType=REGULAR&from=/search","The Rawsome Vegan Cookbook: A Balance of Raw and Lightly-Cooked, Gluten-Free Plant-Based Meals for Healthy Living","","https://i5.walmartimages.com/asr/a23bc45e-12b6-4bae-8e4d-2451019ba357.168135c2a490dbf732ed0a4b3f091dfd.jpeg?odnHeight=580&odnWidth=580&odnBg=FFFFFF","Add","$37.92","current price $37.92","","","The Rawsome Vegan Cookbook: A Balance of Raw and Lightly-Cooked, Gluten-Free Plant-Based Meals for Healthy Living","","","","","Pickup available","in 3+ days","Delivery",""
"https://www.walmart.ca/en/ip/Bob-s-Red-Mill-Gluten-Free-Ground-Flaxseed-Meal-25-Lb-11-33-kgs/2S5Q0Z9021C0?classType=VARIANT&athbdg=L1700&from=/search","Bob's Red Mill Gluten-Free Ground Flaxseed Meal | 25 Lb/11.33 kgs","Reduced price","https://i5.walmartimages.com/asr/289df2e4-7425-4711-a1d6-63e9abb6164a.b1e964b466c586466fc2b4c60a7df38e.png?odnHeight=580&odnWidth=580&odnBg=FFFFFF","","Now $507.98","current price Now $507.98","$609.58","Bob's Red Mill","Bob's Red Mill Gluten-Free Ground Flaxseed Meal | 25 Lb/11.33 kgs","","Was $609.58","","","Delivery","in 3+ days","",""
"https://www.walmart.ca/en/ip/The-Gloriously-Gluten-Free-Cookbook-Spicing-Up-Life-with-Italian-Asian-and-Mexican-Recipes/5QEEV07P3MYR?classType=REGULAR&from=/search","The Gloriously Gluten-Free Cookbook: Spicing Up Life with Italian, Asian, and Mexican Recipes","","https://i5.walmartimages.com/asr/c4298400-3709-46ae-aeaa-a10452be1311.f4af3e0a9802bd48d6f725ec6cbdc0a7.jpeg?odnHeight=580&odnWidth=580&odnBg=FFFFFF","Add","$36.99","current price $36.99","","","The Gloriously Gluten-Free Cookbook: Spicing Up Life with Italian, Asian, and Mexican Recipes","","","","","Pickup available","in 3+ days","Delivery",""
"https://www.walmart.ca/en/ip/One-Pot-Gluten-Free-Cooking-Delicious-Recipes-with-Easy-Cleanupin-30-Minutes-or-Less/6A7NUUQYORNT?classType=REGULAR&from=/search","One-Pot Gluten-Free Cooking: Delicious Recipes with Easy Cleanupin 30 Minutes or Less!","","https://i5.walmartimages.com/asr/190b43e4-b6ef-406b-b580-1eb86e2bbb1d.67015835beb10b2db8408f01aa13cbb0.jpeg?odnHeight=580&odnWidth=580&odnBg=FFFFFF","Add","$50.38","current price $50.38","","","One-Pot Gluten-Free Cooking: Delicious Recipes with Easy Cleanupin 30 Minutes or Less!","","","","","Pickup available","in 3+ days","Delivery",""
"https://www.walmart.ca/en/ip/Quick-Easy-Paleo-Comfort-Foods-100-Delicious-Gluten-Free-Recipes/6CS0046ZASBP?classType=REGULAR&from=/search","Quick & Easy Paleo Comfort Foods: 100+ Delicious Gluten-Free Recipes","","https://i5.walmartimages.com/asr/cf12b1b6-ce17-4f77-91c9-26bb83d4b75c.98f8c824ba4fcc6f7b743245d59294d0.jpeg?odnHeight=580&odnWidth=580&odnBg=FFFFFF","Add","$34.05","current price $34.05","","","Quick & Easy Paleo Comfort Foods: 100+ Delicious Gluten-Free Recipes","","","","","Pickup available","in 3+ days","Delivery",""
"https://www.walmart.ca/en/ip/Bob-s-Red-Mill-25-lb-Gluten-Free-Sweet-White-Rice-Flour/6D6GY30ZUFL0?classType=REGULAR&athbdg=L1700&from=/search","Bob's Red Mill 25 lb. Gluten-Free Sweet White Rice Flour","Reduced price","https://i5.walmartimages.com/asr/c5185bf3-df4e-4649-9fb7-da71fb7065fe.9eed10fc8c5b2ee402b08e6c90df153b.jpeg?odnHeight=580&odnWidth=580&odnBg=FFFFFF","Add","Now $201.34","current price Now $201.34","","Bob's Red Mill","Bob's Red Mill 25 lb. Gluten-Free Sweet White Rice Flour","","","","","Pickup available","in 3+ days","Delivery",""
"https://www.walmart.ca/en/ip/The-Everything-Gluten-Free-Cookbook-300-Appetizing-Recipes-Tailored-to-Your-Needs-Everything-Cooking/5T5SHETMR42G?classType=REGULAR&from=/search","The Everything Gluten-Free Cookbook: 300 Appetizing Recipes Tailored to Your Needs! (Everything (Cooking))","","https://i5.walmartimages.com/asr/f8d35ff7-dced-4a04-bdd7-65b2359dfab1.d88c3153f58bd952550daaee38826d26.jpeg?odnHeight=580&odnWidth=580&odnBg=FFFFFF","Add","$52.30","current price $52.30","","","The Everything Gluten-Free Cookbook: 300 Appetizing Recipes Tailored to Your Needs! (Everything (Cooking))","","","","","Pickup available","in 3+ days","Delivery",""
"https://www.walmart.ca/en/ip/Everyday-Grain-Free-Baking-Over-100-Recipes-for-Deliciously-Easy-Grain-Free-and-Gluten-Free-Baking/1UDRN80UJ8BN?classType=REGULAR&from=/search","Everyday Grain-Free Baking: Over 100 Recipes for Deliciously Easy Grain-Free and Gluten-Free Baking","","https://i5.walmartimages.com/asr/7be54141-93cd-42ec-9f59-bf0a5a910c31.f34f669edb20d71359c6bc42e67c8c3d.jpeg?odnHeight=580&odnWidth=580&odnBg=FFFFFF","Add","$50.42","current price $50.42","","","Everyday Grain-Free Baking: Over 100 Recipes for Deliciously Easy Grain-Free and Gluten-Free Baking","","","","","Pickup available","in 3+ days","Delivery",""
"https://www.walmart.ca/en/ip/Eating-Purely-More-Than-100-All-Natural-Organic-Gluten-Free-Recipes-for-a-Healthy-Life/5L3OAAM0MKH5?classType=REGULAR&from=/search","Eating Purely: More Than 100 All-Natural, Organic, Gluten-Free Recipes for a Healthy Life","","https://i5.walmartimages.com/asr/dbcc0a14-c5a9-4a1a-b517-2bd1563d5c90.5d21fb9b73f54d62022b5b1eb054b8e3.jpeg?odnHeight=580&odnWidth=580&odnBg=FFFFFF","Add","$56.08","current price $56.08","","","Eating Purely: More Than 100 All-Natural, Organic, Gluten-Free Recipes for a Healthy Life","","","","","Pickup available","in 3+ days","Delivery",""
"https://www.walmart.ca/en/ip/The-Food-Matters-Cookbook-A-Simple-Gluten-Free-Guide-to-Transforming-Your-Health-One-Meal-at-a-Time/4CMH6PCXZKYO?classType=REGULAR&from=/search","The Food Matters Cookbook: A Simple Gluten-Free Guide to Transforming Your Health One Meal at a Time","","https://i5.walmartimages.com/asr/09f892e6-ad4c-471f-b086-6550f4f6d8b6.802f9c935481c0454be3110b1b11eb6e.jpeg?odnHeight=580&odnWidth=580&odnBg=FFFFFF","Add","$83.85","current price $83.85","","Food Matters","The Food Matters Cookbook: A Simple Gluten-Free Guide to Transforming Your Health One Meal at a Time","","","","","Pickup available","in 3+ days","Delivery",""
"https://www.walmart.ca/en/ip/Gluten-Free-Baking-Classics-The-Heirloom-Collection-90-New-Recipes-and-Conversion-Know-How/72U3TN96NUCL?classType=REGULAR&from=/search","Gluten-Free Baking Classics-The Heirloom Collection: 90 New Recipes and Conversion Know-How","","https://i5.walmartimages.com/asr/bce98f9a-f333-4362-aa28-826daddebc3f_1.64f5645a6081de0d40f3411dfcde17d2.jpeg?odnHeight=580&odnWidth=580&odnBg=FFFFFF","Add","$54.08","current price $54.08","","","Gluten-Free Baking Classics-The Heirloom Collection: 90 New Recipes and Conversion Know-How","","","","","Pickup available","in 3+ days","Delivery",""
"https://www.walmart.ca/en/ip/Bob-s-Red-Mill-Gluten-Free-Golden-Flaxseed-Meal-25-Lb-11-33-kgs/6RKLAPUNW40Z?classType=VARIANT&athbdg=L1700&from=/search","Bob's Red Mill Gluten-Free Golden Flaxseed Meal | 25 Lb/11.33 kgs","Reduced price","https://i5.walmartimages.com/asr/897099e4-007c-41a0-a10d-57f68e2bf7f1.c73d123ffb4e1134e4e973d29374c0ed.jpeg?odnHeight=580&odnWidth=580&odnBg=FFFFFF","","Now $185.98","current price Now $185.98","$223.18","Bob's Red Mill","Bob's Red Mill Gluten-Free Golden Flaxseed Meal | 25 Lb/11.33 kgs","","Was $223.18","","","Pickup available","in 3+ days","Delivery",""
"https://www.walmart.ca/en/ip/The-Gluten-Free-Kitchen-Over-135-Delicious-Recipes-for-People-with-Gluten-Intolerance-or-Wheat-Allergy/5FP6967LJ31S?classType=REGULAR&from=/search","The Gluten-Free Kitchen: Over 135 Delicious Recipes for People with Gluten Intolerance or Wheat Allergy","","https://i5.walmartimages.com/asr/9945d4ab-9164-40b9-a414-c62917519922.3a3058695fd90de6e585e9ab1268ab75.jpeg?odnHeight=580&odnWidth=580&odnBg=FFFFFF","Add","$39.34","current price $39.34","","","The Gluten-Free Kitchen: Over 135 Delicious Recipes for People with Gluten Intolerance or Wheat Allergy","1","1 out of 5 stars. 1 reviews","","","Pickup available","in 3+ days","Delivery",""
"https://www.walmart.ca/en/ip/The-Daniel-Fast-Made-Delicious-Dairy-Free-Gluten-Free-and-Vegan-Recipes-That-Are-Healthy-and-Taste-Great/0W6ZDWKAGGKQ?classType=REGULAR&from=/search","The Daniel Fast Made Delicious: Dairy-Free, Gluten-Free and Vegan Recipes That Are Healthy and Taste Great!","","https://i5.walmartimages.com/asr/52d852d6-52b0-438f-9cd3-7ccca3359055.915bf5585546e504581aaa97a9e0776f.jpeg?odnHeight=580&odnWidth=580&odnBg=FFFFFF","Add","$47.49","current price $47.49","","","The Daniel Fast Made Delicious: Dairy-Free, Gluten-Free and Vegan Recipes That Are Healthy and Taste Great!","","","","","Pickup available","in 3+ days","Delivery",""
"https://www.walmart.ca/en/ip/Dairy-Free-Gluten-Free-Baking-Cookbook-75-Delicious-Cookies-Cakes-Pies-Breads-and-More/41WVWMXPPXTW?classType=REGULAR&from=/search","Dairy-Free Gluten-Free Baking Cookbook: 75+ Delicious Cookies, Cakes, Pies, Breads and More","","https://i5.walmartimages.com/asr/b64364a7-6009-4536-a994-d9016479d3df.29b9b58d99ec9113bd115ee69db46b53.jpeg?odnHeight=580&odnWidth=580&odnBg=FFFFFF","Add","$38.03","current price $38.03","","Rockridge Press","Dairy-Free Gluten-Free Baking Cookbook: 75+ Delicious Cookies, Cakes, Pies, Breads and More","","","","","Pickup available","in 3+ days","Delivery",""
"https://www.walmart.ca/en/ip/Great-Canadian-Meat-Bulk-Beef-Jerky-Variety-Pack-10-x-68g-Bags-Original-BBQ-Teriyaki-Sweet-Heat-High-Protein-Low-Fat-Gluten-Free-Snacks-100-Made/3I0Z1Q1KME29?classType=REGULAR&from=/search","Great Canadian Meat Bulk Beef Jerky Variety Pack - 10 x 68g Bags - Original, BBQ, Teriyaki, Sweet Heat - High Protein, Low Fat, Gluten Free Snacks - 100% Canadian Made","","https://i5.walmartimages.com/asr/7845f586-2a69-4bfb-86df-cc75da53714f.08edde8a610c0e8770ecf11a545d4ac2.png?odnHeight=580&odnWidth=580&odnBg=FFFFFF","Add","$95.99","current price $95.99","","Great Canadian Meat","Great Canadian Meat Bulk Beef Jerky Variety Pack - 10 x 68g Bags - Original, BBQ, Teriyaki, Sweet Heat - High Protein, Low Fat, Gluten Free Snacks - 100% Canadian Made","1","5 out of 5 stars. 1 reviews","","","Pickup available","in 3+ days","Delivery",""
"https://www.walmart.ca/en/ip/Deliciously-Ella-100-Easy-Healthy-and-Delicious-Plant-Based-Gluten-Free-Recipes-Deliciously-Ella/4M7LYB4TRAVS?classType=REGULAR&from=/search","Deliciously Ella: 100+ Easy, Healthy, and Delicious Plant-Based, Gluten-Free Recipes (Deliciously Ella)","","https://i5.walmartimages.com/asr/23548f61-f1ac-4ded-90d7-d1217ff10d98.9c64ba1ad623abd7bdecb974405d5b74.jpeg?odnHeight=580&odnWidth=580&odnBg=FFFFFF","Add","$58.70","current price $58.70","","","Deliciously Ella: 100+ Easy, Healthy, and Delicious Plant-Based, Gluten-Free Recipes (Deliciously Ella)","","","","","Pickup available","in 3+ days","Delivery",""
"https://www.walmart.ca/en/ip/30-Minute-Paleo-Meals-Over-100-Quick-Fix-Gluten-Free-Recipes-Hardcover-Petitto-Melissa/70XDN1CV7FAB?classType=REGULAR&from=/search","30-Minute Paleo Meals: Over 100 Quick-Fix, Gluten-Free Recipes [Hardcover] Petitto, Melissa","","https://i5.walmartimages.com/asr/98e6ea58-20ce-4a9b-a099-48eb711846ec_1.a46e1c4f89b21f081856582af4c4afdf.jpeg?odnHeight=580&odnWidth=580&odnBg=FFFFFF","Add","$45.16","current price $45.16","","","30-Minute Paleo Meals: Over 100 Quick-Fix, Gluten-Free Recipes [Hardcover] Petitto, Melissa","","","","","Pickup available","in 3+ days","Delivery",""
"https://www.walmart.ca/en/ip/Bob-s-Red-Mill-Pineapple-Coconut-Gluten-Free-Organic-Single-Serving-Oatmeal-Cup-12-Case/2SQEB8RNOH90?classType=REGULAR&athbdg=L1700&from=/search","Bob's Red Mill Pineapple Coconut Gluten-Free Organic Single Serving Oatmeal Cup - 12/Case","Reduced price","https://i5.walmartimages.com/asr/07be2fdd-3171-4c47-a161-679b9340f6d5.9bfe314cbeb3490fd36c5b71d7b6ef02.jpeg?odnHeight=580&odnWidth=580&odnBg=FFFFFF","Add","Now $132.34","current price Now $132.34","","Bob's Red Mill","Bob's Red Mill Pineapple Coconut Gluten-Free Organic Single Serving Oatmeal Cup - 12/Case","","","","","Pickup available","in 3+ days","Delivery",""
"https://www.walmart.ca/en/ip/Gluten-Free-Girl-How-I-Found-the-Food-That-Loves-Me-Back-And-How-You-Can-Too/40BMGQ0FNQ7S?classType=REGULAR&from=/search","Gluten-Free Girl: How I Found the Food That Loves Me Back... And How You Can Too","","https://i5.walmartimages.com/asr/99456c4f-5d4c-4148-aa0a-476672db205d_1.fabf175960d8fd182a7760d5bbf1fd91.jpeg?odnHeight=580&odnWidth=580&odnBg=FFFFFF","Add","$31.73","current price $31.73","","James Ahern, Shauna","Gluten-Free Girl: How I Found the Food That Loves Me Back... And How You Can Too","","","","","Pickup available","in 3+ days","Delivery",""
"https://www.walmart.ca/en/ip/Great-Gluten-Free-Vegan-Eats-from-Around-the-World-Fantastic-Allergy-Free-Ethnic-Recipes/673ER1CT3BY8?classType=REGULAR&from=/search","Great Gluten-Free Vegan Eats from Around the World: Fantastic, Allergy-Free Ethnic Recipes","","https://i5.walmartimages.com/asr/e3c7de58-483d-48b5-8fdd-499bbbe30226_1.cea98a08bdddeaa64af0352f4842d8c6.jpeg?odnHeight=580&odnWidth=580&odnBg=FFFFFF","Add","$81.27","current price $81.27","","","Great Gluten-Free Vegan Eats from Around the World: Fantastic, Allergy-Free Ethnic Recipes","","","","","Pickup available","in 3+ days","Delivery",""
"https://www.walmart.ca/en/ip/The-Holy-Crap-Cookbook-Sixty-Wonderfully-Healthy-Marvellously-Delicious-and-Fantastically-Easy-Gluten-Free-Recipes/74DKTLD9Z5QH?classType=REGULAR&from=/search","The Holy Crap Cookbook: Sixty Wonderfully Healthy, Marvellously Delicious and Fantastically Easy Gluten-Free Recipes","","https://i5.walmartimages.com/asr/51d3c3d0-d6e8-4f82-bfb7-279d09cd3d3f_1.78b98bd527c8b346bacc11e32cbb6f1f.jpeg?odnHeight=580&odnWidth=580&odnBg=FFFFFF","Add","$54.25","current price $54.25","","","The Holy Crap Cookbook: Sixty Wonderfully Healthy, Marvellously Delicious and Fantastically Easy Gluten-Free Recipes","","","","","Pickup available","in 3+ days","Delivery",""
"https://www.walmart.ca/en/ip/G2G-Protein-Bars-Variety-Pack-On-the-Go-Snack-Gluten-Free-24-Bars-x-70g/3AS1K3EBLCN9?classType=REGULAR&athbdg=L1700&from=/search","G2G Protein Bars Variety Pack On-the-Go Snack Gluten-Free 24 Bars x 70g","Reduced price","https://i5.walmartimages.com/asr/d98535cd-5bd1-4a11-9233-d7071ad6bfc9.1ce5f6a6d91c358b37cef54222f7a65c.jpeg?odnHeight=580&odnWidth=580&odnBg=FFFFFF","Add","Now $205.99","current price Now $205.99","","G2G Bar","G2G Protein Bars Variety Pack On-the-Go Snack Gluten-Free 24 Bars x 70g","","","","","Pickup available","in 3+ days","Delivery",""
"https://www.walmart.ca/en/ip/David-s-Cookies-3-oz-Gluten-Free-Individually-Wrapped-Oatmeal-Raisin-Cookie-24-Case/1Y03348CZJUJ?classType=REGULAR&athbdg=L1700&from=/search","David's Cookies 3 oz. Gluten-Free Individually-Wrapped Oatmeal Raisin Cookie - 24/Case","Reduced price","https://i5.walmartimages.com/asr/92a4e1cd-9fd3-477d-884f-532610cabce7.361df4adc290fecd11812d3dee2dd9e0.jpeg?odnHeight=580&odnWidth=580&odnBg=FFFFFF","Add","Now $113.99","current price Now $113.99","","David Cookies","David's Cookies 3 oz. Gluten-Free Individually-Wrapped Oatmeal Raisin Cookie - 24/Case","","","","","Pickup available","in 3+ days","Delivery",""
"https://www.walmart.ca/en/ip/Kids-Cook-Gluten-Free-Over-65-Fun-and-Easy-Recipes-for-Young-Gluten-Free-Chefs/78H9FFAD7LET?classType=REGULAR&from=/search","Kids Cook Gluten-Free: Over 65 Fun and Easy Recipes for Young Gluten-Free Chefs","","https://i5.walmartimages.com/asr/11eb52d1-c1e7-4856-b908-3dd658faa606.fdecf97bae92a0c8a0eaedf23cce3d44.jpeg?odnHeight=580&odnWidth=580&odnBg=FFFFFF","Add","$60.82","current price $60.82","","","Kids Cook Gluten-Free: Over 65 Fun and Easy Recipes for Young Gluten-Free Chefs","","","","","Pickup available","in 3+ days","Delivery",""
"https://www.walmart.ca/en/ip/Gluten-Free-in-Five-Minutes-123-Rapid-Recipes-for-Breads-Rolls-Cakes-Muffins-and-More/1O4F8FE07W2H?classType=REGULAR&from=/search","Gluten-Free in Five Minutes: 123 Rapid Recipes for Breads, Rolls, Cakes, Muffins, and More","","https://i5.walmartimages.com/asr/4ca58f67-bbf1-4030-a42e-abfadc0703ab_1.c0c2f7b9aa71db97ba481bc9b5315392.jpeg?odnHeight=580&odnWidth=580&odnBg=FFFFFF","Add","$45.75","current price $45.75","","","Gluten-Free in Five Minutes: 123 Rapid Recipes for Breads, Rolls, Cakes, Muffins, and More","","","","","Pickup available","in 3+ days","Delivery",""
"https://www.walmart.ca/en/ip/The-Beginner-s-Guide-to-Gluten-Free-Vegan-Baking-60-Easy-Plant-Based-Desserts-for-Any-Occasion/37U28T11YIY8?classType=REGULAR&from=/search","The Beginner's Guide to Gluten-Free Vegan Baking: 60 Easy Plant-Based Desserts for Any Occasion","","https://i5.walmartimages.com/asr/ced12171-2c93-489d-bd0f-5ead7fa13ef8.b73e40395fec59f97b522b7ee62fea8c.jpeg?odnHeight=580&odnWidth=580&odnBg=FFFFFF","Add","$49.84","current price $49.84","","ReaderLink","The Beginner's Guide to Gluten-Free Vegan Baking: 60 Easy Plant-Based Desserts for Any Occasion","","","","","Pickup available","in 3+ days","Delivery",""
"https://www.walmart.ca/en/ip/The-Ultimate-Paleo-Cookbook-900-Grain-And-Gluten-Free-Recipes-to-Meet-Your-Every-Need/7G3IKPW4PF28?classType=REGULAR&from=/search","The Ultimate Paleo Cookbook: 900 Grain- And Gluten-Free Recipes to Meet Your Every Need","","https://i5.walmartimages.com/asr/23bddb29-5987-4831-8e98-60bf73cd02db_1.2210f4f91706957a043d3deb884ebf33.jpeg?odnHeight=580&odnWidth=580&odnBg=FFFFFF","Add","$51.45","current price $51.45","","St. Martin's Press","The Ultimate Paleo Cookbook: 900 Grain- And Gluten-Free Recipes to Meet Your Every Need","","","","","Pickup available","in 3+ days","Delivery",""
"https://www.walmart.ca/en/ip/Arctic-Gardens-Diced-Beets-Bulk-Food-Service-2-84L-Gluten-Free-amp-Versatile/243PXHNFKGM4?classType=VARIANT&athbdg=L1700&from=/search","Arctic Gardens Diced Beets Bulk Food Service 2.84L - Gluten-Free &amp; Versatile","Reduced price","https://i5.walmartimages.com/asr/3e7560aa-a4b9-4178-a57b-71415407d2ff.8450a5c72ff89fefa0b28fff9cd54208.webp?odnHeight=580&odnWidth=580&odnBg=FFFFFF","","Now $29.99","current price Now $29.99","$38.00","Arctic Gardens","Arctic Gardens Diced Beets Bulk Food Service 2.84L - Gluten-Free & Versatile","","Was $38.00","","","Pickup available","in 3+ days","Delivery",""
"https://www.walmart.ca/en/ip/Nourishing-Superfood-Bowls-75-Healthy-and-Delicious-Gluten-Free-Meals-to-Fuel-Your-Day/4JDLXOQ6NVDK?classType=REGULAR&from=/search","Nourishing Superfood Bowls: 75 Healthy and Delicious Gluten-Free Meals to Fuel Your Day","","https://i5.walmartimages.com/asr/d8c1bad7-f7ee-4671-9a60-5b70c5aa0fde_1.d6ed093f5208dc194e7281e924864787.jpeg?odnHeight=580&odnWidth=580&odnBg=FFFFFF","Add","$55.33","current price $55.33","","","Nourishing Superfood Bowls: 75 Healthy and Delicious Gluten-Free Meals to Fuel Your Day","","","","","Pickup available","in 3+ days","Delivery",""
"https://www.walmart.ca/en/ip/Inno-Foods-Gluten-Free-Almond-Fruit-Crunch-Cereal-900-g-Maple-Nut-4-Case/15X36QEXRBVK?classType=REGULAR&athbdg=L1700&from=/search","Inno Foods Gluten-Free Almond Fruit Crunch Cereal - 900 g | Maple, Nut(4/Case)","Reduced price","https://i5.walmartimages.com/asr/5f4266dd-7948-4527-8ce0-26fb32f0c127.251d35cf23ef5ee7fda2344f1343a764.jpeg?odnHeight=580&odnWidth=580&odnBg=FFFFFF","Add","Now $141.89","current price Now $141.89","","Innofoods","Inno Foods Gluten-Free Almond Fruit Crunch Cereal - 900 g | Maple, Nut(4/Case)","","","","","Pickup available","in 3+ days","Delivery",""
"https://www.walmart.ca/en/ip/Cook-Your-Butt-Off-Lose-Up-to-a-Pound-a-Day-with-Fat-Burning-Foods-and-Gluten-Free-Recipes/3LSU1WDN2I6H?classType=REGULAR&from=/search","Cook Your Butt Off!: Lose Up to a Pound a Day with Fat-Burning Foods and Gluten-Free Recipes","","https://i5.walmartimages.com/asr/9d0ecdca-0dac-4eb4-a3b0-ac07028d498b.ad2993eae7fefc00571aa00f4816c469.jpeg?odnHeight=580&odnWidth=580&odnBg=FFFFFF","Add","$41.15","current price $41.15","","","Cook Your Butt Off!: Lose Up to a Pound a Day with Fat-Burning Foods and Gluten-Free Recipes","","","","","Pickup available","in 3+ days","Delivery",""
"https://www.walmart.ca/en/ip/The-Whole-Coconut-Cookbook-Vibrant-Dairy-Free-Gluten-Free-Recipes-Featuring-Nature-s-Most-Versatile-Ingredient/23LBVBQUBD79?classType=REGULAR&from=/search","The Whole Coconut Cookbook: Vibrant Dairy-Free, Gluten-Free Recipes Featuring Nature's Most Versatile Ingredient","","https://i5.walmartimages.com/asr/819abfad-b743-4085-91ed-f237d527ce78.e381df6ec975986f228f72d03f11b62e.jpeg?odnHeight=580&odnWidth=580&odnBg=FFFFFF","Add","$40.86","current price $40.86","","","The Whole Coconut Cookbook: Vibrant Dairy-Free, Gluten-Free Recipes Featuring Nature's Most Versatile Ingredient","","","","","Pickup available","in 3+ days","Delivery",""
"https://www.walmart.ca/en/ip/Prima-Real-Food-Energy-Cinnamon-Black-Currant-Gluten-Free-Granola-6-Case-350g/23AV874SYTQE?classType=REGULAR&from=/search","Prima Real Food Energy, Cinnamon Black Currant Gluten-Free Granola, 6 Case, 350g","","https://i5.walmartimages.com/asr/19bf67c1-a168-474a-9522-e2bb9ee32e2f.09d6679ca998d7de27de2cc00dec12f8.jpeg?odnHeight=580&odnWidth=580&odnBg=FFFFFF","Add","$123.08","current price $123.08","","Prima","Prima Real Food Energy, Cinnamon Black Currant Gluten-Free Granola, 6 Case, 350g","","","","","Pickup available","in 3+ days","Delivery",""
"https://www.walmart.ca/en/ip/Prevention-RD-s-Cooking-and-Baking-with-Almond-Flour-Quick-and-Easy-Meals-For-A-Gluten-Free-Diet/0X36MJIG2VRZ?classType=REGULAR&from=/search","Prevention RD's Cooking and Baking with Almond Flour: Quick and Easy Meals For A Gluten-Free Diet","","https://i5.walmartimages.com/asr/9df74b20-d1e6-4adc-b9ff-271486563969.2a2577031f97252f865b2b2c398c8c6c.jpeg?odnHeight=580&odnWidth=580&odnBg=FFFFFF","Add","$46.23","current price $46.23","","","Prevention RD's Cooking and Baking with Almond Flour: Quick and Easy Meals For A Gluten-Free Diet","","","","","Pickup available","in 3+ days","Delivery",""
"https://www.walmart.ca/en/ip/The-Gluten-Free-Vegetarian-Family-Cookbook-150-Healthy-Recipes-for-Meals-Snacks-Sides-Desserts-and-More/4RF01MNP82NR?classType=REGULAR&from=/search","The Gluten-Free Vegetarian Family Cookbook: 150 Healthy Recipes for Meals, Snacks, Sides, Desserts, and More","","https://i5.walmartimages.com/asr/5c3b4ed9-5900-4c15-83df-3c23643aa352_1.2d9c2eb4d4d96e0d975c87c236872da2.jpeg?odnHeight=580&odnWidth=580&odnBg=FFFFFF","Add","$33.16","current price $33.16","","","The Gluten-Free Vegetarian Family Cookbook: 150 Healthy Recipes for Meals, Snacks, Sides, Desserts, and More","","","","","Pickup available","in 3+ days","Delivery",""
"https://www.walmart.ca/en/ip/Gluten-Free-Holiday-Cookies-More-Than-30-Recipes-to-Sweeten-the-Season-The-Artisanal-Kitchen/7HNZ735UD4BM?classType=REGULAR&from=/search","Gluten-Free Holiday Cookies: More Than 30 Recipes to Sweeten the Season (The Artisanal Kitchen)","","https://i5.walmartimages.com/asr/60d7401a-6f27-48bf-85b9-e95acca05de3.75c98a443e3a78ac82de9fae5a8aea29.jpeg?odnHeight=580&odnWidth=580&odnBg=FFFFFF","Add","$35.25","current price $35.25","","The Artisanal Kitchen","Gluten-Free Holiday Cookies: More Than 30 Recipes to Sweeten the Season (The Artisanal Kitchen)","","","","","Pickup available","in 3+ days","Delivery",""
"https://www.walmart.ca/en/ip/Bob-s-Red-Mill-Fruit-and-Seed-Gluten-Free-Organic-Single-Serving-Oatmeal-Cup-12-Case/5N9V2IQZGKMC?classType=REGULAR&athbdg=L1700&from=/search","Bob's Red Mill Fruit and Seed Gluten-Free Organic Single Serving Oatmeal Cup - 12/Case","Reduced price","https://i5.walmartimages.com/asr/87ddfcee-a48c-44d2-817e-28c6054deee6.028a0cb2669fac6bf9e478b0c46ba621.jpeg?odnHeight=580&odnWidth=580&odnBg=FFFFFF","Add","Now $132.34","current price Now $132.34","","Bob's Red Mill","Bob's Red Mill Fruit and Seed Gluten-Free Organic Single Serving Oatmeal Cup - 12/Case","","","","","Pickup available","in 3+ days","Delivery",""
"https://www.walmart.ca/en/ip/One-Tin-Bakes-Easy-Foolproof-cakes-traybakes-bars-and-bites-from-gluten-free-to-vegan-and-beyond/63D8S3N0TLVL?classType=REGULAR&from=/search","One Tin Bakes Easy: Foolproof cakes, traybakes, bars and bites from gluten-free to vegan and beyond","","https://i5.walmartimages.com/asr/8941aa54-3bf7-468e-b1f9-d463cd10e0aa.6e128c934e0648111db393763748e7da.jpeg?odnHeight=580&odnWidth=580&odnBg=FFFFFF","Add","$54.59","current price $54.59","","","One Tin Bakes Easy: Foolproof cakes, traybakes, bars and bites from gluten-free to vegan and beyond","","","","","Pickup available","in 3+ days","Delivery",""
"https://www.walmart.ca/en/ip/JOY-Flat-Bottom-Gluten-Free-Cake-Ice-Cream-Cone-96-Case-24cases-PALLET-TOTAL-2304-CONES/7K3F4DRSP277?classType=REGULAR&athbdg=L1700&from=/search","JOY Flat Bottom Gluten-Free Cake Ice Cream Cone - 96/Case (24cases/PALLET)- TOTAL 2304 CONES","Reduced price","https://i5.walmartimages.com/asr/3aef0ea0-9f27-4055-bcb7-5ac3cece5aed.57b310d09d8bb9cabaaed6dd73d401de.jpeg?odnHeight=580&odnWidth=580&odnBg=FFFFFF","Add","Now $3,884.89","current price Now $3,884.89","","Joy","JOY Flat Bottom Gluten-Free Cake Ice Cream Cone - 96/Case (24cases/PALLET)- TOTAL 2304 CONES","","","","","Delivery","in 3+ days","",""
"https://www.walmart.ca/en/ip/No-Sugar-MetaBar-Keto-friendly-Gluten-free-Chocolate-Caramel-Peanut-Flavour-Performance-Bars-12-40-g-Perfect-gym-enthusiast-camping-keto-and-or-sugur/2YUCFILW6EXU?classType=REGULAR&from=/search","No Sugar MetaBar, Keto friendly, Gluten free, Chocolate Caramel & Peanut Flavour Performance Bars, 12 × 40 g, Perfect for gym enthusiast, camping, keto and/or No sugur journey. Healthy Snack.","","https://i5.walmartimages.com/asr/1e51c301-63e6-4b04-967d-3a2260169116.5ab08dcd6447f40a8e38ee561bc7611b.jpeg?odnHeight=580&odnWidth=580&odnBg=FFFFFF","Add","$55.48","current price $55.48","","No Sugar Company","No Sugar MetaBar, Keto friendly, Gluten free, Chocolate Caramel & Peanut Flavour Performance Bars, 12 × 40 g, Perfect for gym enthusiast, camping, keto and/or No sugur journey. Healthy Snack.","","","","","Pickup available","in 3+ days","Delivery",""
"https://www.walmart.ca/en/ip/Nearly-Normal-Cooking-for-Gluten-Free-Eating-A-Fresh-Approach-to-Cooking-and-Living-Without-Wheat-or-Gluten/350ZYUB61TBQ?classType=REGULAR&from=/search","Nearly Normal Cooking for Gluten-Free Eating: A Fresh Approach to Cooking and Living Without Wheat or Gluten","","https://i5.walmartimages.com/asr/5a7cfe50-3e41-494f-9486-43791edd75f5.24548c25bee4d306ee82b81f8410edef.jpeg?odnHeight=580&odnWidth=580&odnBg=FFFFFF","Add","$41.97","current price $41.97","","","Nearly Normal Cooking for Gluten-Free Eating: A Fresh Approach to Cooking and Living Without Wheat or Gluten","","","","","Pickup available","in 3+ days","Delivery",""
"https://www.walmart.ca/en/ip/Let-Them-Eat-Cake-Classic-Decadent-Desserts-Vegan-Gluten-Free-Healthy-Variations-More-Than-80-Recipes-Cookies-Pies-Cakes-Ice-Cream-More/65MBRRW5FADL?classType=REGULAR&from=/search","Let Them Eat Cake: Classic, Decadent Desserts with Vegan, Gluten-Free and Healthy Variations: More Than 80 Recipes for Cookies, Pies, Cakes, Ice Cream, and More!","","https://i5.walmartimages.com/asr/edc295a3-324f-4b38-a7ac-5bc6cb5d06ee.0bdb32593cf3e4a6fedc3d19ea34b559.jpeg?odnHeight=580&odnWidth=580&odnBg=FFFFFF","Add","$50.78","current price $50.78","","Harry N. Abrams","Let Them Eat Cake: Classic, Decadent Desserts with Vegan, Gluten-Free and Healthy Variations: More Than 80 Recipes for Cookies, Pies, Cakes, Ice Cream, and More!","1","5 out of 5 stars. 1 reviews","","","Pickup available","in 3+ days","Delivery",""
"https://www.walmart.ca/en/ip/Food-Allergy-and-Gluten-Free-Weight-Loss-Control-Your-Body-Chemistry-Reduce-Inflammation-and-Improve-Your-Health/2E6AY3BWEC8X?classType=REGULAR&from=/search","Food Allergy and Gluten-Free Weight Loss: Control Your Body Chemistry, Reduce Inflammation and Improve Your Health","","https://i5.walmartimages.com/asr/b36ca60b-b5a5-4c6b-b17c-14d3e5d32185_1.1b6a903aa96c832707ab227fd137e9fc.jpeg?odnHeight=580&odnWidth=580&odnBg=FFFFFF","Add","$100.68","current price $100.68","","","Food Allergy and Gluten-Free Weight Loss: Control Your Body Chemistry, Reduce Inflammation and Improve Your Health","","","","","Pickup available","in 3+ days","Delivery",""
"https://www.walmart.ca/en/ip/101-Recipes-for-Gluten-Free-Microwave-Mug-Cakes-Healthier-Single-Serving-Snacks-in-Less-Than-10-Minutes/74T7UOSMZI2T?classType=REGULAR&from=/search","101 Recipes for Gluten-Free Microwave Mug Cakes: Healthier Single-Serving Snacks in Less Than 10 Minutes","","https://i5.walmartimages.com/asr/b52815cf-22b3-440e-998c-8bd9e5edfc0e_1.d644360626e05ec54e4d1ec11bcc4dbd.jpeg?odnHeight=580&odnWidth=580&odnBg=FFFFFF","Add","$43.12","current price $43.12","","","101 Recipes for Gluten-Free Microwave Mug Cakes: Healthier Single-Serving Snacks in Less Than 10 Minutes","","","","","Pickup available","in 3+ days","Delivery",""
"https://www.walmart.ca/en/ip/Little-Miss-Cornbread-Our-Journey-to-Southern-Style-Vegan-and-Gluten-Free-Cuisine-Sort-Of-True-Short-Stories/7I9P6NPQV0QR?classType=REGULAR&from=/search","Little Miss Cornbread: Our Journey to Southern-Style Vegan and Gluten-Free Cuisine & Sort-Of-True Short Stories","","https://i5.walmartimages.com/asr/70af2550-356f-4062-b1f4-c776d9588b76_1.b99cfd98cec242c1a8560eb026aec0bb.jpeg?odnHeight=580&odnWidth=580&odnBg=FFFFFF","Add","$35.84","current price $35.84","","","Little Miss Cornbread: Our Journey to Southern-Style Vegan and Gluten-Free Cuisine & Sort-Of-True Short Stories","","","","","Pickup available","in 3+ days","Delivery",""
"https://www.walmart.ca/en/ip/Gluten-Free-Family-Favorites-75-Go-To-Recipes-to-Feed-Kids-and-Adults-All-Day-Every-Day/3VPX0ZEHLDFU?classType=REGULAR&from=/search","Gluten-Free Family Favorites: 75 Go-To Recipes to Feed Kids and Adults All Day, Every Day","","https://i5.walmartimages.com/asr/90e29ec8-b5bc-437d-9570-903ece7fc13b.7762070c4f9dd13e02ffe600fec62d80.jpeg?odnHeight=580&odnWidth=580&odnBg=FFFFFF","Add","$72.86","current price $72.86","","","Gluten-Free Family Favorites: 75 Go-To Recipes to Feed Kids and Adults All Day, Every Day","","","","","Pickup available","in 3+ days","Delivery",""
"https://www.walmart.ca/en/ip/Bob-s-Red-Mill-Flour-Gluten-Free-Tapioca-Pouch-454-GR-4-Case-4-LBS/2V1ASLZDDA4X?classType=REGULAR&athbdg=L1700&from=/search","Bob's Red Mill Flour Gluten-Free Tapioca Pouch 454 GR (4/Case) - 4 LBS","Reduced price","https://i5.walmartimages.com/asr/5eef7eb7-dfeb-4305-80af-8afd52fb5cf6.973a5ae073ab7dd65476c678e0c038eb.jpeg?odnHeight=580&odnWidth=580&odnBg=FFFFFF","Add","Now $174.86","current price Now $174.86","","Bob's Red Mill","Bob's Red Mill Flour Gluten-Free Tapioca Pouch 454 GR (4/Case) - 4 LBS","","","","","Pickup available","in 3+ days","Delivery",""
"https://www.walmart.ca/en/ip/Juli-Bauer-s-Paleo-Cookbook-Over-100-Gluten-Free-Recipes-to-Help-You-Shine-from-Within/3PMCETFU6RTS?classType=REGULAR&from=/search","Juli Bauer's Paleo Cookbook: Over 100 Gluten-Free Recipes to Help You Shine from Within","","https://i5.walmartimages.com/asr/5d619859-71c1-4d29-afed-6893175f59fa_1.d046bb9cadce39726b5b806216a26b57.jpeg?odnHeight=580&odnWidth=580&odnBg=FFFFFF","Add","$46.36","current price $46.36","","Victory Belt Publishing","Juli Bauer's Paleo Cookbook: Over 100 Gluten-Free Recipes to Help You Shine from Within","","","","","Pickup available","in 3+ days","Delivery",""
"https://www.walmart.ca/en/ip/Welch-s-Fruit-Snacks-102-Packs-x-14g-Made-with-Real-Fruit-Gluten-Free-6-Case/7HHESZ0972FD?classType=REGULAR&athbdg=L1700&from=/search","Welch's Fruit Snacks - 102 Packs x 14g, Made with Real Fruit, Gluten-Free (6/Case)","Reduced price","https://i5.walmartimages.com/asr/f68daada-5ee3-48f8-96bb-f4ddcafc0fba.86f39551871ac029126a19b96585a687.jpeg?odnHeight=580&odnWidth=580&odnBg=FFFFFF","Add","Now $285.89","current price Now $285.89","","Welch's","Welch's Fruit Snacks - 102 Packs x 14g, Made with Real Fruit, Gluten-Free (6/Case)","","","","","Delivery","in 3+ days","",""
"https://www.walmart.ca/en/ip/CHICAGO-AMERICAN-Popcorn-Caramel-Sea-Salted-907g-Non-GMO-Gluten-Free-A-Guilt-Free-Delicious-Snack/4K2AXX5ZQCOL?classType=REGULAR&athbdg=L1700&from=/search","CHICAGO AMERICAN Popcorn Caramel Sea Salted 907g | Non-GMO, Gluten-Free | A Guilt-Free, Delicious Snack","Reduced price","https://i5.walmartimages.com/asr/9e32c974-ea7c-43c1-a962-9ab8da5b0110.401325ffd98323734fbcf6e208b1c06c.jpeg?odnHeight=580&odnWidth=580&odnBg=FFFFFF","Add","Now $89.98","current price Now $89.98","","chicago american","CHICAGO AMERICAN Popcorn Caramel Sea Salted 907g | Non-GMO, Gluten-Free | A Guilt-Free, Delicious Snack","","","","","Pickup available","in 3+ days","Delivery",""
"https://www.walmart.ca/en/ip/Bob-s-Red-Mill-25-lb-11-34-kg-Organic-Gluten-Free-Whole-Grain-Rolled-Oats/1PY5PBDRSKP3?classType=REGULAR&athbdg=L1700&from=/search","Bob's Red Mill 25 lb. (11.34 kg) Organic Gluten-Free Whole Grain Rolled Oats","Reduced price","https://i5.walmartimages.com/asr/bc85b1ba-7177-47f1-9ad4-c48737dcf110.ac5ff4b4f1fb590fcaf0006507d2b969.jpeg?odnHeight=580&odnWidth=580&odnBg=FFFFFF","Add","Now $649.99","current price Now $649.99","","Bob's Red Mill","Bob's Red Mill 25 lb. (11.34 kg) Organic Gluten-Free Whole Grain Rolled Oats","","","","","Delivery","in 3+ days","",""
"https://www.walmart.ca/en/ip/The-Gluten-Free-Slow-Cooker-Set-It-and-Go-with-Quick-and-Easy-Wheat-Free-Meals-Your-Whole-Family-Will-Love/217ZB9943X52?classType=REGULAR&from=/search","The Gluten-Free Slow Cooker: Set It and Go with Quick and Easy Wheat-Free Meals Your Whole Family Will Love","","https://i5.walmartimages.com/asr/a1bde60b-8e39-43f4-9f61-b7c7c5a7445e_1.be8e169b6618bf5cd7c3a63258faeeba.jpeg?odnHeight=580&odnWidth=580&odnBg=FFFFFF","Add","$47.05","current price $47.05","","Fair Winds Press","The Gluten-Free Slow Cooker: Set It and Go with Quick and Easy Wheat-Free Meals Your Whole Family Will Love","","","","","Pickup available","in 3+ days","Delivery",""
"https://www.walmart.ca/en/ip/Cook-Your-Butt-Off-Lose-Up-to-a-Pound-a-Day-with-Fat-Burning-Foods-and-Gluten-Free-Recipes/4E7094YY3B6T?classType=REGULAR&from=/search","Cook Your Butt Off! - Lose Up to a Pound a Day with Fat-Burning Foods and Gluten-Free Recipes","","https://i5.walmartimages.com/asr/efa83078-2185-4ac7-a327-08c23dc310c8.7c42a32e2e9f5967dc1bee8c2356beb5.jpeg?odnHeight=580&odnWidth=580&odnBg=FFFFFF","Add","$35.42","current price $35.42","","Grand Central Life & Style","Cook Your Butt Off! - Lose Up to a Pound a Day with Fat-Burning Foods and Gluten-Free Recipes","","","","","Pickup available","in 3+ days","Delivery",""
"https://www.walmart.ca/en/ip/Gluten-Free-Girl-How-I-Found-the-Food-That-Loves-Me-Back-And-How-You-Can-Too/6X1ZS7WVRJ4Z?classType=REGULAR&from=/search","Gluten-Free Girl: How I Found the Food That Loves Me Back...And How You Can Too","","https://i5.walmartimages.com/asr/b99e6ee1-459f-46bc-bbc0-f7c6e9c9d491_1.a5d6bde3de8a1049fb9d0dcc7f99b625.jpeg?odnHeight=580&odnWidth=580&odnBg=FFFFFF","Add","$46.10","current price $46.10","","","Gluten-Free Girl: How I Found the Food That Loves Me Back...And How You Can Too","","","","","Pickup available","in 3+ days","Delivery",""
"https://www.walmart.ca/en/ip/JOY-Gluten-Free-Sugar-Cone-96-Case-16-Cases-Per-Pallet-1536-CONES/6W0OSTOE0MTI?classType=REGULAR&athbdg=L1700&from=/search","JOY Gluten-Free Sugar Cone - 96/Case | 16 Cases Per Pallet | 1536 CONES","Reduced price","https://i5.walmartimages.com/asr/7e77d496-34e8-45a3-a892-4f3dfad28e40.9aebe8f5512e1f2058f228626beb65d2.jpeg?odnHeight=580&odnWidth=580&odnBg=FFFFFF","Add","Now $2,499.00","current price Now $2,499.00","","Joy","JOY Gluten-Free Sugar Cone - 96/Case | 16 Cases Per Pallet | 1536 CONES","","","","","Delivery","in 3+ days","",""
"https://www.walmart.ca/en/ip/ELAN-Organic-Gluten-Free-Oh-Mega-Mix-with-Chocolate-Fruit-Nuts-135g-x-8-Pack/3OWZPXC6CIXH?classType=REGULAR&from=/search","ELAN Organic Gluten-Free Oh Mega Mix with Chocolate, Fruit & Nuts, 135g x 8 Pack","","https://i5.walmartimages.com/asr/c4c160e0-d96e-407c-a6f4-c23ddec34303.134334179bb9ecc8656849719c2d5711.jpeg?odnHeight=580&odnWidth=580&odnBg=FFFFFF","Add","$43.49","current price $43.49","","ELAN","ELAN Organic Gluten-Free Oh Mega Mix with Chocolate, Fruit & Nuts, 135g x 8 Pack","","","","","Pickup available","in 3+ days","Delivery",""
"https://www.walmart.ca/en/ip/ELAN-Organic-Gluten-Free-Sweet-Salty-Mix-with-Chocolate-Fruit-Nuts-150g-x-8-Pack/1VNAI1GS31U9?classType=REGULAR&from=/search","ELAN Organic Gluten-Free Sweet & Salty Mix with Chocolate, Fruit & Nuts, 150g x 8 Pack","","https://i5.walmartimages.com/asr/59059af7-c409-4140-9521-9640a0c66bc6.da73c9a6edbb5e048dea6a02fa31cb14.jpeg?odnHeight=580&odnWidth=580&odnBg=FFFFFF","Add","$43.49","current price $43.49","","ELAN","ELAN Organic Gluten-Free Sweet & Salty Mix with Chocolate, Fruit & Nuts, 150g x 8 Pack","","","","","Pickup available","in 3+ days","Delivery",""
"https://www.walmart.ca/en/ip/My-Darling-Lemon-Thyme-Recipes-from-My-Real-Food-Kitchen-Vegetarian-gluten-free-meals-small-bites/5T0NN14EYROJ?classType=REGULAR&from=/search","My Darling Lemon Thyme: Recipes from My Real Food Kitchen: Vegetarian, gluten-free meals, small bites,","","https://i5.walmartimages.com/asr/79c4e456-a2c3-4601-86d3-2d6471953ea8_1.b4e7313305541abda754e59af45200f1.jpeg?odnHeight=580&odnWidth=580&odnBg=FFFFFF","Add","$41.99","current price $41.99","","","My Darling Lemon Thyme: Recipes from My Real Food Kitchen: Vegetarian, gluten-free meals, small bites,","","","","","Pickup available","in 3+ days","Delivery",""
"https://www.walmart.ca/en/ip/Great-Canadian-Meat-BBQ-Beef-Jerky-10-Pack-Bulk-Box-10-x-68g-Bags-High-Protein-Low-Fat-Gluten-Free-Snacks-On-the-Go-100-Made/4EXMPV0BGGGX?classType=REGULAR&from=/search","Great Canadian Meat BBQ Beef Jerky 10-Pack Bulk Box - 10 x 68g Bags - High Protein, Low Fat, Gluten Free Meat Snacks for On-the-Go - 100% Canadian Made","","https://i5.walmartimages.com/asr/fc468736-62de-41df-af7f-4158f5cb2426.ccfa70ae4dc306045ed4358549d501c9.png?odnHeight=580&odnWidth=580&odnBg=FFFFFF","Add","$95.99","current price $95.99","","Great Canadian Meat","Great Canadian Meat BBQ Beef Jerky 10-Pack Bulk Box - 10 x 68g Bags - High Protein, Low Fat, Gluten Free Meat Snacks for On-the-Go - 100% Canadian Made","","","","","Pickup available","in 3+ days","Delivery",""
"https://www.walmart.ca/en/ip/Gluten-Free-Makeovers-Over-175-Recipes-from-Family-Favorites-to-Gourmet-Goodies-Made-Deliciously-Wheat-Free/3EFTNTWI48JI?classType=REGULAR&from=/search","Gluten-Free Makeovers: Over 175 Recipes - from Family Favorites to Gourmet Goodies - Made Deliciously Wheat-Free","","https://i5.walmartimages.com/asr/49e4cf0c-1f2f-4102-b266-66c15f3a6fd6_1.f790eb9cc8689b5ca972265d7506d4d9.jpeg?odnHeight=580&odnWidth=580&odnBg=FFFFFF","Add","$170.90","current price $170.90","","","Gluten-Free Makeovers: Over 175 Recipes - from Family Favorites to Gourmet Goodies - Made Deliciously Wheat-Free","","","","","Pickup available","in 3+ days","Delivery",""
"https://www.walmart.ca/en/ip/Great-Canadian-Meat-Gourmet-Salami-Sampler-4-x-275g-1-100g-Peppercorn-Chorizo-Hungarian-Summer-Sausage-High-Protein-Low-Fat-Gluten-Free-Perfect-Charc/7GB4U9ZEC344?classType=REGULAR&from=/search","Great Canadian Meat Gourmet Salami Sampler - 4 x 275g (1,100g) - Peppercorn, Chorizo, Hungarian, Summer Sausage - High Protein, Low Fat, Gluten Free  - Perfect for Charcuterie Boards, Gift Baskets","","https://i5.walmartimages.com/asr/ccc8d187-498c-4fb9-b878-d0efc37ff122.06cb8d2fbc69e3e3e64c90d1e7062b00.png?odnHeight=580&odnWidth=580&odnBg=FFFFFF","Add","$64.99","current price $64.99","","Great Canadian Meat","Great Canadian Meat Gourmet Salami Sampler - 4 x 275g (1,100g) - Peppercorn, Chorizo, Hungarian, Summer Sausage - High Protein, Low Fat, Gluten Free  - Perfect for Charcuterie Boards, Gift Baskets","","","","","Pickup available","in 3+ days","Delivery",""
"https://www.walmart.ca/en/ip/Bob-s-Red-Mill-Gluten-Free-Potato-Starch-Bulk-25-lbs-11-34-kg-60-BAGS-PALLET/4W77HG440OOH?classType=REGULAR&from=/search","Bob's Red Mill Gluten-Free Potato Starch - Bulk 25 lbs (11.34 kg) - (60 BAGS/PALLET)","","https://i5.walmartimages.com/asr/cef60271-af70-4e97-8c67-4b331441da04.b1bc6ec2e31281ba9607c09101485dc7.jpeg?odnHeight=580&odnWidth=580&odnBg=FFFFFF","Add","$13,999.00","current price $13,999.00","","Bob's Red Mill","Bob's Red Mill Gluten-Free Potato Starch - Bulk 25 lbs (11.34 kg) - (60 BAGS/PALLET)","","","","","Delivery","in 3+ days","",""
"https://www.walmart.ca/en/ip/Great-Canadian-Meat-Bulk-Sweet-Heat-Beef-Jerky-Pack-10-x-68g-Bags-High-Protein-Low-Fat-Gluten-Free-Snacks-Perfect-Snacking-Hiking-Workouts-Made-Canad/1XVVYC9ZHFKW?classType=REGULAR&from=/search","Great Canadian Meat Bulk Sweet Heat Beef Jerky Pack - 10 x 68g Bags - High Protein, Low Fat, Gluten Free Snacks - Perfect for Snacking, Hiking, Workouts - Made in Canada","","https://i5.walmartimages.com/asr/03762f89-7c2d-4564-9558-687706d5ef6e.39e20ec8f30f0aba7440ee491d75a9af.png?odnHeight=580&odnWidth=580&odnBg=FFFFFF","Add","$95.99","current price $95.99","","Great Canadian Meat","Great Canadian Meat Bulk Sweet Heat Beef Jerky Pack - 10 x 68g Bags - High Protein, Low Fat, Gluten Free Snacks - Perfect for Snacking, Hiking, Workouts - Made in Canada","","","","","Pickup available","in 3+ days","Delivery",""
"https://www.walmart.ca/en/ip/Great-Canadian-Meat-Bulk-Teriyaki-Beef-Jerky-Pack-10-x-68g-Bags-680g-High-Protein-Low-Fat-Gluten-Free-Snacks-Perfect-Snacking-Hiking-Workouts-Made-Ca/1NWJMTUKHLHC?classType=REGULAR&from=/search","Great Canadian Meat Bulk Teriyaki Beef Jerky Pack - 10 x 68g Bags (680g) - High Protein, Low Fat, Gluten Free Snacks - Perfect for Snacking, Hiking, Workouts - Made in Canada","","https://i5.walmartimages.com/asr/6b88a190-c578-47ce-9fa3-05f1c7ce6c7d.a16ed3df3ce19d35da721c6a88863c68.png?odnHeight=580&odnWidth=580&odnBg=FFFFFF","Add","$95.99","current price $95.99","","Great Canadian Meat","Great Canadian Meat Bulk Teriyaki Beef Jerky Pack - 10 x 68g Bags (680g) - High Protein, Low Fat, Gluten Free Snacks - Perfect for Snacking, Hiking, Workouts - Made in Canada","","","","","Pickup available","in 3+ days","Delivery",""
"https://www.walmart.ca/en/ip/Amazin-Choices-Dried-Tree-Ripened-Mangoes-No-Sugar-Non-GMO-Gluten-Free-Vegan-Vietnamese-Tropical-Fruit-Snack-Viet-Healthy-Snack-Soft-Juicy-Mango-Slic/5R868KI70DWP?classType=REGULAR&from=/search","Amazin Choices Dried Tree-Ripened Mangoes - No Sugar, Non-GMO, Gluten Free, Vegan - Vietnamese Tropical Dried Fruit - Snack Viet - Fruit Snack - Healthy Snack- Soft Juicy Dried Mango Slices 7.05oz","","https://i5.walmartimages.com/asr/9d2c4318-7396-4edf-a8f6-b1200070405f.6967e5719466cc79c15be3d072483eb8.jpeg?odnHeight=580&odnWidth=580&odnBg=FFFFFF","Add","$16.99","current price $16.99","","Amazin Choices","Amazin Choices Dried Tree-Ripened Mangoes - No Sugar, Non-GMO, Gluten Free, Vegan - Vietnamese Tropical Dried Fruit - Snack Viet - Fruit Snack - Healthy Snack- Soft Juicy Dried Mango Slices 7.05oz","","","","","Pickup available","in 2 days","Delivery",""
"https://www.walmart.ca/en/ip/Kellogg-s-Snack-Bar-Special-K-Nuts-amp-Grain-Dark-Chocolate-Gluten-Free-32-GR-0-07-LBS-75-Case/4GXGRKBFX4XY?classType=REGULAR&from=/search","Kellogg's Snack Bar Special K Nuts &amp; Grain Dark Chocolate Gluten-Free 32 GR/0.07 LBS (75/Case)","","https://i5.walmartimages.com/asr/3b339d36-b81a-4063-99ef-a2f12bf8bf20.ee85a58e587b384fcd42cec1dae22df5.jpeg?odnHeight=580&odnWidth=580&odnBg=FFFFFF","Add","$148.99","current price $148.99","","Kellogg's","Kellogg's Snack Bar Special K Nuts & Grain Dark Chocolate Gluten-Free 32 GR/0.07 LBS (75/Case)","","","","","Pickup available","in 3+ days","Delivery",""
"https://www.walmart.ca/en/ip/David-s-Cookies-Gluten-Free-Individually-Wrapped-Thaw-N-Sell-3-5-oz-Chocolate-Chip-Brownie-Bars-48-Case/766CDUY2HIM9?classType=REGULAR&athbdg=L1700&from=/search","David's Cookies Gluten-Free Individually Wrapped Thaw N'Sell 3.5 oz. Chocolate Chip Brownie Bars - 48/Case","Reduced price","https://i5.walmartimages.com/asr/fcb58549-9cb1-4d86-92ee-b359a4847241.aaa1992bbd745ecdc81d79d45b976bad.jpeg?odnHeight=580&odnWidth=580&odnBg=FFFFFF","Add","Now $170.99","current price Now $170.99","","David Cookies","David's Cookies Gluten-Free Individually Wrapped Thaw N'Sell 3.5 oz. Chocolate Chip Brownie Bars - 48/Case","","","","","Pickup available","in 3+ days","Delivery",""
"https://www.walmart.ca/en/ip/Gluten-Free-Entertaining-More-than-100-Naturally-Wheat-Free-Recipes-for-Parties-and-Special-Occasions-Nov-01-2013-Du/49FRK6ULDJ0G?classType=REGULAR&from=/search","Gluten-Free Entertaining: More than 100 Naturally Wheat-Free Recipes for Parties and Special Occasions [Nov 01, 2013] Du","","https://i5.walmartimages.com/asr/09b1ed8e-83bf-46b2-a1c0-149fb9c7e1ee_1.2fed59297f0e658267ea0538b601c6d1.jpeg?odnHeight=580&odnWidth=580&odnBg=FFFFFF","Add","$80.40","current price $80.40","","","Gluten-Free Entertaining: More than 100 Naturally Wheat-Free Recipes for Parties and Special Occasions [Nov 01, 2013] Du","","","","","Pickup available","in 3+ days","Delivery",""
"https://www.walmart.ca/en/ip/Paleo-Lunches-and-Breakfasts-On-the-Go-The-Solution-to-Gluten-Free-Eating-All-Day-Long-with-Delicious-Easy-and-Portable-Primal-Meals/5Q1QIACDM8SI?classType=REGULAR&from=/search","Paleo Lunches and Breakfasts On the Go: The Solution to Gluten-Free Eating All Day Long with Delicious, Easy and Portable Primal Meals","","https://i5.walmartimages.com/asr/91eb5c87-4d0d-476c-b80b-dc2bd46a9b9f.706b3d93a05cb386bff4999225f70ee4.jpeg?odnHeight=580&odnWidth=580&odnBg=FFFFFF","Add","$30.62","current price $30.62","","","Paleo Lunches and Breakfasts On the Go: The Solution to Gluten-Free Eating All Day Long with Delicious, Easy and Portable Primal Meals","","","","","Pickup available","in 3+ days","Delivery",""
"https://www.walmart.ca/en/ip/AMAZIN-CHOICES-Dried-Chili-Mango-Vegan-Non-GMO-Gluten-Free-Mango-Slices-Large-Pack-Fruit-Snacks-Office-Snack-Viet-One-3-5Oz/4FRQ7ZZEETVT?classType=REGULAR&from=/search","AMAZIN CHOICES Dried Chili Mango. Vegan, Non GMO and Gluten Free Chili Dried Mango Slices. Large Pack of Dried Fruit Snacks for Office - Snack Viet - Chili Fruit Snacks - Pack of One (3.5Oz)","","https://i5.walmartimages.com/asr/33131a6d-b5c9-4000-9029-d8699ac11812.a6f002d4eb56c4adfd3ace8f0ccb2330.jpeg?odnHeight=580&odnWidth=580&odnBg=FFFFFF","Add","$13.49","current price $13.49","","Amazin Choices","AMAZIN CHOICES Dried Chili Mango. Vegan, Non GMO and Gluten Free Chili Dried Mango Slices. Large Pack of Dried Fruit Snacks for Office - Snack Viet - Chili Fruit Snacks - Pack of One (3.5Oz)","","","","","Pickup available","in 2 days","Delivery",""
"https://www.walmart.ca/en/ip/Super-Paleo-Snacks-100-Delicious-Low-Glycemic-Gluten-Free-Snacks-That-Will-Make-Living-Your-Paleo-Lifestyle-Simple-Satisfying/2NB3VS12K6S1?classType=REGULAR&from=/search","Super Paleo Snacks: 100 Delicious Low-Glycemic, Gluten-Free Snacks That Will Make Living Your Paleo Lifestyle Simple & Satisfying","","https://i5.walmartimages.com/asr/dc1e136f-5da9-4362-ae3e-1e1bd64d629b_1.e7015df5b9154576406ff1acde1bc994.jpeg?odnHeight=580&odnWidth=580&odnBg=FFFFFF","Add","$39.64","current price $39.64","","Fair Winds Press","Super Paleo Snacks: 100 Delicious Low-Glycemic, Gluten-Free Snacks That Will Make Living Your Paleo Lifestyle Simple & Satisfying","","","","","Pickup available","in 3+ days","Delivery",""
"https://www.walmart.ca/en/ip/Turbo-Blender-Dessert-Revolution-More-Than-140-Recipes-for-Pies-Ice-Creams-Cakes-Brownies-Gluten-Free-Treats-and-More/60XIBBAM6TLZ?classType=REGULAR&from=/search","Turbo Blender Dessert Revolution: More Than 140 Recipes for Pies, Ice Creams, Cakes, Brownies, Gluten-Free Treats, and More","","https://i5.walmartimages.com/asr/32f2ab56-dac5-4672-88e8-7e1d8e48da10_1.bf26208c55707b551a44491a8c1c4b14.jpeg?odnHeight=580&odnWidth=580&odnBg=FFFFFF","Add","$35.11","current price $35.11","","","Turbo Blender Dessert Revolution: More Than 140 Recipes for Pies, Ice Creams, Cakes, Brownies, Gluten-Free Treats, and More","","","","","Pickup available","in 3+ days","Delivery",""
"https://www.walmart.ca/en/ip/AMAZIN-CHOICES-Dried-Chili-Mango-Vegan-Non-GMO-Gluten-Free-Mango-Slices-Large-Pack-Fruit-Snacks-Office-Snack-Viet-One-17-63Oz/14AB0QSCIN2T?classType=REGULAR&from=/search","AMAZIN CHOICES Dried Chili Mango. Vegan, Non GMO and Gluten Free Chili Dried Mango Slices. Large Pack of Dried Fruit Snacks for Office - Snack Viet - Chili Fruit Snacks - Pack of One (17.63Oz)","","https://i5.walmartimages.com/asr/52df4dd0-1a51-4529-8043-551ad9cf48eb.ae3d1b3d2881f4564ea3da4f0166bf8b.jpeg?odnHeight=580&odnWidth=580&odnBg=FFFFFF","Add","$32.99","current price $32.99","","Amazin Choices","AMAZIN CHOICES Dried Chili Mango. Vegan, Non GMO and Gluten Free Chili Dried Mango Slices. Large Pack of Dried Fruit Snacks for Office - Snack Viet - Chili Fruit Snacks - Pack of One (17.63Oz)","","","","","Pickup available","in 2 days","Delivery",""
"https://www.walmart.ca/en/ip/Pure-Protein-Bar-Variety-Pack-18-Bars-x-50g-1-76-oz-Gluten-Free-6-Case-TOTAL-108-BARS/38LYDKXCH9V5?classType=REGULAR&from=/search","Pure Protein Bar Variety Pack - 18 Bars x 50g (1.76 oz), Gluten-Free (6/Case)-TOTAL 108 BARS","","https://i5.walmartimages.com/asr/a0949058-090f-42ce-98a5-30bc854c9e49.63f0580dc7c1814a1b7acc6705e7aa23.jpeg?odnHeight=580&odnWidth=580&odnBg=FFFFFF","Add","$259.98","current price $259.98","","Pure Protein","Pure Protein Bar Variety Pack - 18 Bars x 50g (1.76 oz), Gluten-Free (6/Case)-TOTAL 108 BARS","","","","","Delivery","in 3+ days","",""
"https://www.walmart.ca/en/ip/My-Pinewood-Kitchen-A-Southern-Culinary-Cure-130-Crazy-Delicious-Gluten-Free-Recipes-to-Reduce-Inflammation-and-Make-Your-Gut-Happy/1479DKJMJ2I1?classType=REGULAR&from=/search","My Pinewood Kitchen, A Southern Culinary Cure: 130+ Crazy Delicious, Gluten-Free Recipes to Reduce Inflammation and Make Your Gut Happy","","https://i5.walmartimages.com/asr/419f58d5-f32f-4abe-ac91-b9ae8efc05c1.24b951eb188424d92807535819794c99.jpeg?odnHeight=580&odnWidth=580&odnBg=FFFFFF","Add","$34.55","current price $34.55","","","My Pinewood Kitchen, A Southern Culinary Cure: 130+ Crazy Delicious, Gluten-Free Recipes to Reduce Inflammation and Make Your Gut Happy","","","","","Pickup available","in 3+ days","Delivery",""
"https://www.walmart.ca/en/ip/Cheesy-Easy-Your-1-Kitchen-Gadget-Crispy-Cheese-Taco-Bowl-Maker-Shell-Maker-Make-Keto-Snacks-Gluten-Free-Meals-This-Offer-Does-Not-Include-Hover-Cutt/4M7P3BC3G72C?classType=REGULAR&from=/search","Cheesy Easy - Your #1 Kitchen Gadget Crispy Cheese Taco Bowl Maker & Crispy Cheese Taco Shell Maker. Make Keto Cheese Snacks & Gluten Free Meals - This Offer Does Not Include Hover Cutter","","https://i5.walmartimages.com/asr/c810ab56-4e1d-4c2f-b155-25f93e23c16e.a4076d2ed70746c7dce37214d77d42c9.jpeg?odnHeight=580&odnWidth=580&odnBg=FFFFFF","Add","$60.30","current price $60.30","","CRAFTED INGENUITY","Cheesy Easy - Your #1 Kitchen Gadget Crispy Cheese Taco Bowl Maker & Crispy Cheese Taco Shell Maker. Make Keto Cheese Snacks & Gluten Free Meals - This Offer Does Not Include Hover Cutter","","","","","Pickup available","in 3+ days","Delivery",""
"https://www.walmart.ca/en/ip/Liquid-Health-Over-100-Juices-and-Smoothies-Including-Paleo-Raw-Vegan-and-Gluten-Free-Recipes-Complete-Book-of-Raw-Food/4GWTR9XTEUC6?classType=REGULAR&from=/search","Liquid Health: Over 100 Juices and Smoothies Including Paleo, Raw, Vegan, and Gluten-Free Recipes (Complete Book of Raw Food)","","https://i5.walmartimages.com/asr/e751256d-5f6b-44c2-8451-35f362a0a155_1.223890c8abec2ff2b61d2cfe3f832785.jpeg?odnHeight=580&odnWidth=580&odnBg=FFFFFF","Add","$38.71","current price $38.71","","LIQUIDHEALTH","Liquid Health: Over 100 Juices and Smoothies Including Paleo, Raw, Vegan, and Gluten-Free Recipes (Complete Book of Raw Food)","","","","","Pickup available","in 3+ days","Delivery",""
"https://www.walmart.ca/en/ip/The-I-Love-My-Air-Fryer-Gluten-Free-Recipe-Book-From-Lemon-Blueberry-Muffins-to-Mediterranean-Short-Ribs-175-Easy-an/2JG6ZB48RI20?classType=REGULAR&from=/search","The ""I Love My Air Fryer"" Gluten-Free Recipe Book: From Lemon Blueberry Muffins to Mediterranean Short Ribs, 175 Easy an","","https://i5.walmartimages.com/asr/045607f2-db9e-40c3-9714-5bbd1499e78e.9f0ee32c1126ab111debb02d50f4d21f.jpeg?odnHeight=580&odnWidth=580&odnBg=FFFFFF","Add","$42.70","current price $42.70","","Adams Media","The ""I Love My Air Fryer"" Gluten-Free Recipe Book: From Lemon Blueberry Muffins to Mediterranean Short Ribs, 175 Easy an","","","","","Pickup available","in 3+ days","Delivery",""
"https://www.walmart.ca/en/ip/AMAZIN-CHOICES-COCO-Crunch-Coconut-Crackers-Non-GMO-Gluten-Free-Vegan-Snacks-Kids-Healthy-Asian-Snacks-Plant-based-Crispy-Chips-Snack-Viet-Pack-14-7/1AQZOMDCTJPA?classType=REGULAR&from=/search","AMAZIN CHOICES COCO Crunch Coconut Crackers. Non-GMO, Gluten-Free & Vegan Snacks for Kids. Healthy Asian Snacks. Plant-based, Crispy Coconut Chips. Snack Viet - Pack of 14 (7.4 Oz)","","https://i5.walmartimages.com/asr/4472218e-2c2a-436d-b813-64e72f618fd6.3eae0075314e47a4e8c5337664f5f3f3.jpeg?odnHeight=580&odnWidth=580&odnBg=FFFFFF","Add","$12.99","current price $12.99","","Amazin Choices","AMAZIN CHOICES COCO Crunch Coconut Crackers. Non-GMO, Gluten-Free & Vegan Snacks for Kids. Healthy Asian Snacks. Plant-based, Crispy Coconut Chips. Snack Viet - Pack of 14 (7.4 Oz)","1","5 out of 5 stars. 1 reviews","","","Pickup available","in 2 days","Delivery",""
"https://www.walmart.ca/en/ip/Harvest-Snaps-Green-Pea-Snack-Crisps-90g-12-Case-Original-Baked-Flavored-Crisps-Non-GMO-Gluten-Free/61CMW2Q1J2RT?classType=REGULAR&athbdg=L1700&from=/search","Harvest Snaps Green Pea Snack Crisps - 90g (12/Case) | Original Baked Flavored Crisps | Non-GMO, Gluten-Free","Reduced price","https://i5.walmartimages.com/asr/38187935-b7c4-48b8-9a0c-ea121cc6339f.922dba01bdaf91ee5bdc067bd166c6cd.jpeg?odnHeight=580&odnWidth=580&odnBg=FFFFFF","Add","Now $59.98","current price Now $59.98","","Harvest Snaps","Harvest Snaps Green Pea Snack Crisps - 90g (12/Case) | Original Baked Flavored Crisps | Non-GMO, Gluten-Free","","","","","Pickup available","in 3+ days","Delivery",""
"https://www.walmart.ca/en/ip/White-Rice-Flour-Green-Heights-2-2-Pound-1-KG-Jar-Gluten-Free-Great-Baking-Alternative-Crepes-Tortillas-Freshly-Milled-USA-High-Fiber-Content-GMO-FRE/473PEFPS5NG4?classType=REGULAR&from=/search","White Rice Flour by Green Heights - 2.2 Pound / 1 KG Jar – Gluten Free – Great Baking Alternative for Crepes & Tortillas – Freshly Milled in USA – High Fiber Content – GMO-FREE- 23 servings approx","","https://i5.walmartimages.com/asr/e2a162fa-b799-4142-bcf7-e0411d2d09f2.592e5d051c17b2fa9339b77420b06282.jpeg?odnHeight=580&odnWidth=580&odnBg=FFFFFF","Add","$38.99","current price $38.99","","Green Heights","White Rice Flour by Green Heights - 2.2 Pound / 1 KG Jar – Gluten Free – Great Baking Alternative for Crepes & Tortillas – Freshly Milled in USA – High Fiber Content – GMO-FREE- 23 servings approx","","","","","Pickup available","in 3+ days","Delivery",""
"https://www.walmart.ca/en/ip/Gluten-Free-Baking-More-Than-125-Recipes-Delectable-Sweet-Savory-Baked-Goods-Including-Cakes-Pies-Quick-Breads-Muffins-Cookies-Other-Delights/7JQBBZA7WA5E?classType=REGULAR&from=/search","Gluten-Free Baking: More Than 125 Recipes for Delectable Sweet and Savory Baked Goods, Including Cakes, Pies, Quick Breads, Muffins, Cookies, and Other Delights","","https://i5.walmartimages.com/asr/cc862786-f3ef-468d-9abd-baf6dc742356.60c43aa305c7d9ed1c4952e2699890a4.jpeg?odnHeight=580&odnWidth=580&odnBg=FFFFFF","Add","$32.01","current price $32.01","","","Gluten-Free Baking: More Than 125 Recipes for Delectable Sweet and Savory Baked Goods, Including Cakes, Pies, Quick Breads, Muffins, Cookies, and Other Delights","","","","","Pickup available","in 3+ days","Delivery",""
"https://www.walmart.ca/en/ip/MorgenStund-500g-Organic-Gluten-Free-Morning-Porridge-Power-Packed-Breakfast-Buckwheat-Millet-Fruits-Super-Seeds-Vegan-No-Added-Sugar-Ready-5-Min/4KPFY9GENLJL?classType=REGULAR&athbdg=L1700&from=/search","MorgenStund 500g– Organic Gluten-Free Morning Porridge | Power-Packed Breakfast with Buckwheat, Millet, Fruits & Super Seeds | Vegan, No Added Sugar, Ready in 5 Min","Reduced price","https://i5.walmartimages.com/asr/591c6834-84fb-4ed9-a7b3-0b2144c4e759.25a4b882bf48c7906a739c3436795a08.png?odnHeight=580&odnWidth=580&odnBg=FFFFFF","Add","Now $35.95","current price Now $35.95","","Dr. Jentschura","MorgenStund 500g– Organic Gluten-Free Morning Porridge | Power-Packed Breakfast with Buckwheat, Millet, Fruits & Super Seeds | Vegan, No Added Sugar, Ready in 5 Min","","","","","Pickup available","in 3+ days","Delivery",""
"https://www.walmart.ca/en/ip/Gluten-Free-Breakfast-Brunch-Beyond-Breads-Cakes-Muffins-Scones-Pancakes-Waffles-French-Toast-Quiches-and-More/67H7MSR621MN?classType=REGULAR&from=/search","Gluten-Free Breakfast, Brunch & Beyond: Breads & Cakes * Muffins & Scones * Pancakes, Waffles & French Toast * Quiches * and More","","https://i5.walmartimages.com/asr/aa106700-e07b-4359-85a5-112f7f42a819_1.d644360626e05ec54e4d1ec11bcc4dbd.jpeg?odnHeight=580&odnWidth=580&odnBg=FFFFFF","Add","$42.59","current price $42.59","","","Gluten-Free Breakfast, Brunch & Beyond: Breads & Cakes * Muffins & Scones * Pancakes, Waffles & French Toast * Quiches * and More","","","","","Pickup available","in 3+ days","Delivery",""
"https://www.walmart.ca/en/ip/Special-Diets-Kids-Volumes-1-2-Combined-Over-200-REVISED-NEW-gluten-free-casein-free-recipes-plus-research-positive-ADHD-allergies-celiac-disease-mor/24AP8P0ZNVW4?classType=REGULAR&from=/search","Special Diets for Special Kids, Volumes 1 and 2 Combined: Over 200 REVISED and NEW gluten-free casein-free recipes, plus research on the positive ... ADHD, allergies, celiac disease, and more!","","https://i5.walmartimages.com/asr/3b1fd7c4-2a83-4280-ba40-0accb0500d30_1.20154bf676f8202f7f1f41b28c41779c.jpeg?odnHeight=580&odnWidth=580&odnBg=FFFFFF","Add","$73.42","current price $73.42","","Special Diets for Special Kids","Special Diets for Special Kids, Volumes 1 and 2 Combined: Over 200 REVISED and NEW gluten-free casein-free recipes, plus research on the positive ... ADHD, allergies, celiac disease, and more!","","","","","Pickup available","in 3+ days","Delivery",""
"https://www.walmart.ca/en/ip/Cupcake-Handbook-Your-Guide-More-Than-80-Recipes-Every-Occasion-IMM-Lifestyle-Kids-Birthdays-Holidays-More-Egg-Dairy-Gluten-Free-Options-Lay-Flat-Spi/7DDZQ9OBRQ20?classType=REGULAR&from=/search","Cupcake Handbook: Your Guide to More Than 80 Recipes for Every Occasion (IMM Lifestyle) Recipes for Kids, Birthdays, Holidays and More, with Egg, Dairy and Gluten-Free Options in a Lay-Flat Spiral Bin","","https://i5.walmartimages.com/asr/078ea270-c4fc-4940-8264-d31450926c54.6022d3b030f38d1e6be5488eb0cd3a75.jpeg?odnHeight=580&odnWidth=580&odnBg=FFFFFF","Add","$31.75","current price $31.75","","","Cupcake Handbook: Your Guide to More Than 80 Recipes for Every Occasion (IMM Lifestyle) Recipes for Kids, Birthdays, Holidays and More, with Egg, Dairy and Gluten-Free Options in a Lay-Flat Spiral Bin","","","","","Pickup available","in 3+ days","Delivery",""
"https://www.walmart.ca/en/ip/Roasted-Fava-Bean-Variety-12-Pack-Zesty-Cheddar-Sea-Salt-Sweet-Chili-Plant-Protein-High-Source-Fibre-Low-Fat-Snack-Vegan-Gluten-Free-Non-GMO-Certifie/1EUZPI0SUEJ5?classType=REGULAR&from=/search","Roasted Fava Bean Variety 12 Pack | Zesty Cheddar |Sea Salt | Sweet Chili | Plant Protein | High Source of Fibre | Low Fat Snack | Vegan Snack | Gluten-Free Snack | Non-GMO Certified","","https://i5.walmartimages.com/asr/5c9df913-2125-4135-ab34-7da20d26ba11.33d2b634397fe1bb846cf3345a47f674.png?odnHeight=580&odnWidth=580&odnBg=FFFFFF","Add","$46.99","current price $46.99","","Three Farmers Foods","Roasted Fava Bean Variety 12 Pack | Zesty Cheddar |Sea Salt | Sweet Chili | Plant Protein | High Source of Fibre | Low Fat Snack | Vegan Snack | Gluten-Free Snack | Non-GMO Certified","1","5 out of 5 stars. 1 reviews","","","Pickup available","in 3+ days","Delivery",""
"https://www.walmart.ca/en/ip/Mountain-House-Scrambled-Eggs-Bacon-6-Cans-Freeze-Dried-Survival-Emergency-Food-10-Can-Gluten-Free-Breakfast-Meal-Easy-Prepare-Delicious-Nutritious/3XQF52D562QU?classType=VARIANT&from=/search","Mountain House Scrambled Eggs with Bacon (6 Cans) | Freeze Dried Survival & Emergency Food | #10 Can | Gluten-Free | Breakfast Meal | Easy to Prepare | Delicious and Nutritious","","https://i5.walmartimages.com/asr/b488d298-675a-4739-ad80-b938d35ccd1c.c665d5493e5a11082e4ca0b0ad2b24a2.jpeg?odnHeight=580&odnWidth=580&odnBg=FFFFFF","","$449.99","current price $449.99","","Mountain House","Mountain House Scrambled Eggs with Bacon (6 Cans) | Freeze Dried Survival & Emergency Food | #10 Can | Gluten-Free | Breakfast Meal | Easy to Prepare | Delicious and Nutritious","","","","","Delivery","in 3+ days","",""
"https://www.walmart.ca/en/ip/Kar-S-Nuts-Sweet-N-Salty-Trail-Mix-Variety-Pack-Pack-Of-24-Salty-Spicy-Peanut-Butter-Dark-Chocolate-Individually-Wrapped-Gluten-Free-Snack/2NQK1FJBDID9?classType=REGULAR&athbdg=L1700&from=/search","Kar’S Nuts Sweet ‘N Salty Trail Mix Variety Pack, Pack Of 24 – Sweet ‘N Salty, Sweet ‘N Spicy, Peanut Butter ‘N Dark Chocolate – Individually Wrapped, Gluten-Free Snack Mix","Reduced price","https://i5.walmartimages.com/asr/cf88a38b-33a3-4157-8993-d4b715b18baa.3ece9c856da0b12060ab16a0b649bf47.jpeg?odnHeight=580&odnWidth=580&odnBg=FFFFFF","Add","Now $90.70","current price Now $90.70","","Pinsurad","Kar’S Nuts Sweet ‘N Salty Trail Mix Variety Pack, Pack Of 24 – Sweet ‘N Salty, Sweet ‘N Spicy, Peanut Butter ‘N Dark Chocolate – Individually Wrapped, Gluten-Free Snack Mix","","","","","Pickup available","in 3+ days","Delivery",""
"https://www.walmart.ca/en/ip/Pride-Of-India-Tomato-Papadum-10-Count-3-53oz-100gm-Protein-Fiber-Iron-Rich-Gluten-Free-Vegan-Lentil-Crackers-Healthy-Indian-Appetizer-Microwaveable/7DO7W1NJJCPT?classType=REGULAR&from=/search","Pride Of India | Tomato Papadum, 10-Count (3.53oz - 100gm) | Protein Fiber & Iron Rich, Gluten-Free Vegan Lentil Crackers, Healthy Indian Appetizer | Microwaveable & Ready in Seconds","","https://i5.walmartimages.com/asr/937549fe-efce-4777-9da3-a176f35dafb5.5677ea4fb2e2cdd7d2c83a9543e25287.jpeg?odnHeight=580&odnWidth=580&odnBg=FFFFFF","Add","$12.99","current price $12.99","","Pride Of India","Pride Of India | Tomato Papadum, 10-Count (3.53oz - 100gm) | Protein Fiber & Iron Rich, Gluten-Free Vegan Lentil Crackers, Healthy Indian Appetizer | Microwaveable & Ready in Seconds","","","","","Pickup available","in 3+ days","Delivery",""
"https://www.walmart.ca/en/ip/Great-Canadian-Meat-Mild-Mini-Pepperonis-10-Pack-Bulk-Box-10-x-225g-Bags-High-Protein-Low-Fat-Gluten-Free-Snacks-On-the-Go-100-Made/44U0M8D5SIS1?classType=REGULAR&from=/search","Great Canadian Meat Mild Mini Pepperonis 10-Pack Bulk Box - 10 x 225g Bags - High Protein, Low Fat, Gluten-Free Meat Snacks for On-the-Go - 100% Canadian Made","","https://i5.walmartimages.com/asr/64eeb438-0598-4633-a69d-5ececca844c4.ffa1b6b396922ba69074d0dea4ab42be.png?odnHeight=580&odnWidth=580&odnBg=FFFFFF","Add","$110.00","current price $110.00","","Great Canadian Meat","Great Canadian Meat Mild Mini Pepperonis 10-Pack Bulk Box - 10 x 225g Bags - High Protein, Low Fat, Gluten-Free Meat Snacks for On-the-Go - 100% Canadian Made","","","","","Pickup available","in 3+ days","Delivery",""
"https://www.walmart.ca/en/ip/Yupik-Mixed-Maple-Nuts-Gluten-Free-Snack-Kosher-Non-GMO-Glazed-With-Pure-Syrup-Dry-Roasted-Almonds-Cashews-Pecans-Hazelnuts-Cozy-Cinnamon-Flavored-8/3L9QSTAXMSIG?classType=REGULAR&from=/search","Yupik Mixed Maple Nuts, Gluten-Free Snack, Kosher, Non-GMO, Maple Glazed Nuts, With Pure Maple Syrup, Dry Roasted Almonds, Cashews, Pecans, Hazelnuts, Cozy Cinnamon Flavored Snack, 8 Count, 156 g","","https://i5.walmartimages.com/asr/5317a92d-2761-4aef-a177-16c840c68b33.e39642b7eda97b61790c3c663041177f.jpeg?odnHeight=580&odnWidth=580&odnBg=FFFFFF","Add","$51.99","current price $51.99","","Yupik","Yupik Mixed Maple Nuts, Gluten-Free Snack, Kosher, Non-GMO, Maple Glazed Nuts, With Pure Maple Syrup, Dry Roasted Almonds, Cashews, Pecans, Hazelnuts, Cozy Cinnamon Flavored Snack, 8 Count, 156 g","","","","","Pickup available","in 3+ days","Delivery",""
"https://www.walmart.ca/en/ip/Pride-Of-India-Tomato-Papadum-Pack-6-10-Count-Box-3-53oz-100gm-Protein-Fiber-Iron-Rich-Gluten-Free-Vegan-Lentil-Crackers-Healthy-Indian-Appetizer-Mic/56TP9V8MVHGP?classType=REGULAR&from=/search","Pride Of India | Tomato Papadum, Pack of 6-10 Count Box (3.53oz - 100gm) | Protein Fiber & Iron Rich, Gluten-Free Vegan Lentil Crackers, Healthy Indian Appetizer | Microwaveable & Ready in Seconds","","https://i5.walmartimages.com/asr/b5eb19fa-f315-4f53-8788-c559375ef9af.18ecf6a030226e8e7fe8ff8f8cc9ed34.jpeg?odnHeight=580&odnWidth=580&odnBg=FFFFFF","Add","$39.99","current price $39.99","","Pride Of India","Pride Of India | Tomato Papadum, Pack of 6-10 Count Box (3.53oz - 100gm) | Protein Fiber & Iron Rich, Gluten-Free Vegan Lentil Crackers, Healthy Indian Appetizer | Microwaveable & Ready in Seconds","","","","","Pickup available","in 3+ days","Delivery",""
"https://www.walmart.ca/en/ip/Bean-Bites-Savory-Tomato-Lentil-Crisp-3-53-oz-100-g-Round-Crunchy-Sweet-Tangy-Taste-Plant-Based-Vegan-Crackers-Gluten-Free-Healthy-Snack-Keto-Chips-B/5UCWMYCA5R0O?classType=REGULAR&from=/search","Bean Bites | Savory Tomato Lentil Crisp 3.53 oz (100 g) | Round Crunchy Bites | Sweet Tangy Taste | Plant Based Vegan Crackers, Gluten-Free Healthy Snack, Keto Chips By Pride of India","","https://i5.walmartimages.com/asr/02aa2d70-e019-4eda-be33-fd91d8ed0238.2c5ed9815df3109ba7f10c06fc73bb7e.jpeg?odnHeight=580&odnWidth=580&odnBg=FFFFFF","Add","$10.99","current price $10.99","","Pride Of India","Bean Bites | Savory Tomato Lentil Crisp 3.53 oz (100 g) | Round Crunchy Bites | Sweet Tangy Taste | Plant Based Vegan Crackers, Gluten-Free Healthy Snack, Keto Chips By Pride of India","","","","","Pickup available","in 3+ days","Delivery",""
"https://www.walmart.ca/en/ip/Bean-Bites-Mung-Munch-Lentil-Crisp-3-53-oz-100-g-Round-Crunchy-Classic-Savory-Plant-Based-Vegan-Crackers-Gluten-Free-Healthy-Snack-Keto-Chips-Pride-I/2FUBATS1I5Z1?classType=REGULAR&from=/search","Bean Bites | Mung Munch Lentil Crisp 3.53 oz (100 g) | Round Crunchy Bites | Classic Savory | Plant Based Vegan Crackers, Gluten-Free Healthy Snack, Keto Chips  by Pride of India","","https://i5.walmartimages.com/asr/7da78cb9-bb58-451b-8166-ca541487a2bc.ccfb8027950aac17b924fb2d29e14149.jpeg?odnHeight=580&odnWidth=580&odnBg=FFFFFF","Add","$10.99","current price $10.99","","Pride Of India","Bean Bites | Mung Munch Lentil Crisp 3.53 oz (100 g) | Round Crunchy Bites | Classic Savory | Plant Based Vegan Crackers, Gluten-Free Healthy Snack, Keto Chips  by Pride of India","1","1 out of 5 stars. 1 reviews","","","Pickup available","in 3+ days","Delivery",""
"https://www.walmart.ca/en/ip/Mountain-House-Rice-Chicken-Pouch-Freeze-Dried-Backpacking-Camping-Food-Survival-Emergency-Gluten-Free-Entree-Meal-Easy-Prepare-Delicious-Nutritious/4FMWOFZ6D8E0?classType=VARIANT&from=/search","Mountain House Rice and Chicken Pouch| Freeze Dried Backpacking & Camping Food | Survival & Emergency Food | Gluten-Free | Entree Meal | Easy to Prepare | Delicious and Nutritious | 6 Pouch","","https://i5.walmartimages.com/asr/12ca8d35-0e7a-4e86-ad5d-b79807ca6586.26ac06450444592479397fd9eca781cb.jpeg?odnHeight=580&odnWidth=580&odnBg=FFFFFF","","$124.99","current price $124.99","","Mountain House","Mountain House Rice and Chicken Pouch| Freeze Dried Backpacking & Camping Food | Survival & Emergency Food | Gluten-Free | Entree Meal | Easy to Prepare | Delicious and Nutritious | 6 Pouch","","","","","Pickup available","in 3+ days","Delivery",""
"https://www.walmart.ca/en/ip/Great-Canadian-Meat-Variety-Flavour-Mini-Pepperoni-10-Pack-Bulk-Snack-Box-Smokey-Bacon-Honey-Garlic-Hot-Mild-10-x-225g-Bags-High-Protein-Keto-Friendl/18HP0YUJJH2W?classType=REGULAR&from=/search","Great Canadian Meat Variety Flavour Mini Pepperoni 10-Pack Bulk Snack Box - Smokey Bacon, Honey Garlic, Hot, Mild - 10 x 225g Bags - High Protein, Keto Friendly, Gluten-Free Meat Snacks","","https://i5.walmartimages.com/asr/af27dd68-6023-4d25-97b5-a1374f0de056.ca87cb8c431c2cc6b0bd8e42a04c97a8.jpeg?odnHeight=580&odnWidth=580&odnBg=FFFFFF","Add","$110.00","current price $110.00","","Great Canadian Meat","Great Canadian Meat Variety Flavour Mini Pepperoni 10-Pack Bulk Snack Box - Smokey Bacon, Honey Garlic, Hot, Mild - 10 x 225g Bags - High Protein, Keto Friendly, Gluten-Free Meat Snacks","","","","","Pickup available","in 3+ days","Delivery",""
"https://www.walmart.ca/en/ip/Bean-Bites-Spicy-Crackle-Lentil-Crisp-3-53-oz-100-g-Round-Crunchy-Hot-Plant-Based-Vegan-Crackers-Gluten-Free-Healthy-Snack-Keto-Chips-By-Pride-India/2PR5G5TT78FC?classType=REGULAR&from=/search","Bean Bites | Spicy Crackle Lentil Crisp 3.53 oz (100 g) | Round Crunchy Bites | Hot & Spicy | Plant Based Vegan Crackers, Gluten-Free Healthy Snack, Keto Chips By Pride of India","","https://i5.walmartimages.com/asr/e20b7571-bacb-4807-9f7d-0ec28255622c.fd301526f54fd69cb494edb6a438cae1.jpeg?odnHeight=580&odnWidth=580&odnBg=FFFFFF","Add","$10.99","current price $10.99","","Pride Of India","Bean Bites | Spicy Crackle Lentil Crisp 3.53 oz (100 g) | Round Crunchy Bites | Hot & Spicy | Plant Based Vegan Crackers, Gluten-Free Healthy Snack, Keto Chips By Pride of India","","","","","Pickup available","in 3+ days","Delivery",""
"https://www.walmart.ca/en/ip/Bean-Bites-Spicy-Crackle-Lentil-Crisp-3-53-oz-100-g-6-Pack-Round-Crunchy-Hot-Plant-Based-Vegan-Crackers-Gluten-Free-Healthy-Snack-Keto-Chips-By-Pride/6PA0L2SZ9VJ5?classType=REGULAR&from=/search","Bean Bites | Spicy Crackle Lentil Crisp 3.53 oz (100 g)-6 Pack | Round Crunchy Bites | Hot & Spicy | Plant Based Vegan Crackers, Gluten-Free Healthy Snack, Keto Chips By Pride of India","","https://i5.walmartimages.com/asr/bbedd955-0dd7-4180-a67d-062c7ea1cc4e.de477448e90843501756143724056ccd.jpeg?odnHeight=580&odnWidth=580&odnBg=FFFFFF","Add","$39.99","current price $39.99","","Pride Of India","Bean Bites | Spicy Crackle Lentil Crisp 3.53 oz (100 g)-6 Pack | Round Crunchy Bites | Hot & Spicy | Plant Based Vegan Crackers, Gluten-Free Healthy Snack, Keto Chips By Pride of India","","","","","Pickup available","in 3+ days","Delivery",""
"https://www.walmart.ca/en/ip/Mountain-House-Pad-Thai-Chicken-Pouch-Freeze-Dried-Backpacking-Camping-Food-Survival-Emergency-Gluten-Free-Entree-Meal-Easy-Prepare-Delicious-Nutriti/2V86ZO0333XF?classType=REGULAR&from=/search","Mountain House Pad Thai with Chicken Pouch | Freeze Dried Backpacking & Camping Food | Survival & Emergency Food | Gluten-Free | Entree Meal | Easy to Prepare | Delicious and Nutritious | 6 Pouch","","https://i5.walmartimages.com/asr/0486bb34-40de-4bc3-a032-3ae8e19772be.2d83ef646845079fb9c3edac1e91b196.jpeg?odnHeight=580&odnWidth=580&odnBg=FFFFFF","Add","$124.99","current price $124.99","","Mountain House","Mountain House Pad Thai with Chicken Pouch | Freeze Dried Backpacking & Camping Food | Survival & Emergency Food | Gluten-Free | Entree Meal | Easy to Prepare | Delicious and Nutritious | 6 Pouch","","","","","Pickup available","in 3+ days","Delivery",""
"https://www.walmart.ca/en/ip/Bean-Bites-Mung-Munch-Lentil-Crisp-3-53-oz-100-g-6-Pack-Round-Crunchy-Classic-Savory-Plant-Based-Vegan-Crackers-Gluten-Free-Healthy-Snack-Keto-Chips/1JXK21V21UEI?classType=REGULAR&from=/search","Bean Bites | Mung Munch Lentil Crisp 3.53 oz (100 g)-6 Pack | Round Crunchy Bites | Classic Savory | Plant Based Vegan Crackers, Gluten-Free Healthy Snack, Keto Chips by Pride of India","","https://i5.walmartimages.com/asr/686dbdb2-05b5-41ed-a202-f6573b9f3cfe.e84db6afa7e46f25cf9051df6a41aa52.jpeg?odnHeight=580&odnWidth=580&odnBg=FFFFFF","Add","$39.99","current price $39.99","","Pride Of India","Bean Bites | Mung Munch Lentil Crisp 3.53 oz (100 g)-6 Pack | Round Crunchy Bites | Classic Savory | Plant Based Vegan Crackers, Gluten-Free Healthy Snack, Keto Chips by Pride of India","","","","","Pickup available","in 3+ days","Delivery",""
"https://www.walmart.ca/en/ip/Bean-Bites-Savory-Tomato-Lentil-Crisp-3-53-oz-100-g-6-Pack-Round-Crunchy-Sweet-Tangy-Taste-Plant-Based-Vegan-Crackers-Gluten-Free-Healthy-Snack-Keto/3M0O99J0FQJD?classType=REGULAR&from=/search","Bean Bites | Savory Tomato Lentil Crisp 3.53 oz (100 g)-6 Pack | Round Crunchy Bites | Sweet Tangy Taste | Plant Based Vegan Crackers, Gluten-Free Healthy Snack, Keto Chips  By Pride of India","","https://i5.walmartimages.com/asr/5dcb70e5-4258-491d-9377-8196a2f2ff42.1fda0252e521167e907e2f99fc9c299d.jpeg?odnHeight=580&odnWidth=580&odnBg=FFFFFF","Add","$39.99","current price $39.99","","Pride Of India","Bean Bites | Savory Tomato Lentil Crisp 3.53 oz (100 g)-6 Pack | Round Crunchy Bites | Sweet Tangy Taste | Plant Based Vegan Crackers, Gluten-Free Healthy Snack, Keto Chips  By Pride of India","","","","","Pickup available","in 3+ days","Delivery",""
"https://www.walmart.ca/en/ip/Pride-Of-India-Mung-Bean-Plain-Papadum-Lentil-Crisp-Pack-6-10-count-3-53oz-100gm-Protein-Fiber-Iron-Rich-Gluten-Free-Vegan-Crackers-Healthy-Indian-Ap/6TC4VHRLSGF8?classType=REGULAR&from=/search","Pride Of India - Mung Bean Plain Papadum Lentil Crisp, Pack of 6 - 10 count (3.53oz - 100gm) - Protein Fiber & Iron Rich, Gluten-Free Vegan Lentil Crackers, Healthy Indian Appetizer, Ready in Seconds","","https://i5.walmartimages.com/asr/12e38285-bd7e-4995-99e5-53977b55829c.a5653e787f6dfdb8f6c0f69f19a1327b.png?odnHeight=580&odnWidth=580&odnBg=FFFFFF","Add","$44.99","current price $44.99","","Pride Of India","Pride Of India - Mung Bean Plain Papadum Lentil Crisp, Pack of 6 - 10 count (3.53oz - 100gm) - Protein Fiber & Iron Rich, Gluten-Free Vegan Lentil Crackers, Healthy Indian Appetizer, Ready in Seconds","","","","","Pickup available","in 3+ days","Delivery",""
"https://www.walmart.ca/en/ip/Roasted-Lentil-Variety-12-Pack-Barbecue-Sea-Salt-Sea-Vinegar-Plant-Protein-High-Source-Fibre-Low-Fat-Snack-Vegan-Gluten-Free-Non-GMO-Certified/6CXESPXME4JS?classType=REGULAR&from=/search","Roasted Lentil Variety 12 Pack | Barbecue |Sea Salt | Sea Salt & Vinegar | Plant Protein | High Source of Fibre | Low Fat Snack | Vegan Snack | Gluten-Free Snack | Non-GMO Certified","","https://i5.walmartimages.com/asr/ca234b72-d8f5-4b99-b9b5-c7b9b5a8c14c.5a3791e320582e6830e46a10bbaaab5d.png?odnHeight=580&odnWidth=580&odnBg=FFFFFF","Add","$46.99","current price $46.99","","Three Farmers Foods","Roasted Lentil Variety 12 Pack | Barbecue |Sea Salt | Sea Salt & Vinegar | Plant Protein | High Source of Fibre | Low Fat Snack | Vegan Snack | Gluten-Free Snack | Non-GMO Certified","","","","","Pickup available","in 3+ days","Delivery",""
"https://www.walmart.ca/en/ip/The-Keg-Beef-Burgers-4x170g/606CC806590P?classType=REGULAR&from=/search","The Keg Beef Burgers 4x170g, The Keg Beef Burgers Gluten Free 4x170g","","https://i5.walmartimages.com/asr/2c629565-9577-44b9-865b-34b22d1afdf1.bcd3d443d2ff9b19fd8676d35a2a0720.jpeg?odnHeight=580&odnWidth=580&odnBg=FFFFFF","Add","$17.92","current price $17.92","","THE KEG STEAKHOUSE & BAR","The Keg Beef Burgers 4x170g, The Keg Beef Burgers Gluten Free 4x170g","3","3.6667 out of 5 stars. 3 reviews","Free Delivery with","https://i5.walmartimages.com/dfw/3ccc2d91-49dd/k2-_2dc6530f-2ead-40b6-8ec8-fedc1c0c8978.v1.png","Pickup","today","Delivery","today"
"https://www.walmart.ca/en/ip/little-gourmet-organic-fruit-veggie-oat-bars-strawberry-carrot/6000205136720?classType=REGULAR&athbdg=L1102&from=/search","Little Gourmet Organic Fruit & Veggie Oat Bars Strawberry Carrot, Gluten free Oat Bars - 5 x 18g","500+ bought in past month","https://i5.walmartimages.ca/images/Enlarge/703/340/6000206703340.jpg?odnHeight=580&odnWidth=580&odnBg=FFFFFF","Add","$4.47","current price $4.47","","Baby Gourmet Foods Inc","Little Gourmet Organic Fruit & Veggie Oat Bars Strawberry Carrot, Gluten free Oat Bars - 5 x 18g","19","3.8947 out of 5 stars. 19 reviews","Free Delivery with","https://i5.walmartimages.com/dfw/3ccc2d91-49dd/k2-_2dc6530f-2ead-40b6-8ec8-fedc1c0c8978.v1.png","Pickup","today","Delivery","today"
"https://www.walmart.ca/en/ip/Nakd-Peanut-Delight-Multipack/6000200892545?classType=REGULAR&from=/search","Nakd Peanut Delight Multipack, Gluten-free snack bars","","https://i5.walmartimages.com/asr/4af76947-67ec-4b8e-a3df-efd415223653.14e175e1784097ac69bfa6584fd01eb7.jpeg?odnHeight=580&odnWidth=580&odnBg=FFFFFF","Add","$5.97","current price $5.97","$4.26/100g","Nakd Bars","Nakd Peanut Delight Multipack, Gluten-free snack bars","2","4.5 out of 5 stars. 2 reviews","Free Delivery with","https://i5.walmartimages.com/dfw/3ccc2d91-49dd/k2-_2dc6530f-2ead-40b6-8ec8-fedc1c0c8978.v1.png","Pickup","today","Delivery","today"
"https://www.walmart.ca/en/ip/little-gourmet-organic-fruit-veggie-oat-bars-apple-blueberry-spinach/5YB3X6H6A75Z?classType=REGULAR&athbdg=L1102&from=/search","Little Gourmet Organic Fruit & Veggie Oat Bars Apple Blueberry Spinach, Gluten free Oat Bars - 5 x 18g","500+ bought in past month","https://i5.walmartimages.ca/images/Enlarge/700/147/6000206700147.jpg?odnHeight=580&odnWidth=580&odnBg=FFFFFF","Add","$4.47","current price $4.47","","Baby Gourmet Foods Inc","Little Gourmet Organic Fruit & Veggie Oat Bars Apple Blueberry Spinach, Gluten free Oat Bars - 5 x 18g","23","3.8261 out of 5 stars. 23 reviews","Free Delivery with","https://i5.walmartimages.com/dfw/3ccc2d91-49dd/k2-_2dc6530f-2ead-40b6-8ec8-fedc1c0c8978.v1.png","Pickup","today","Delivery","today"
"https://www.walmart.ca/en/ip/Angie-s-BOOMCHICKAPOP-Ready-To-Eat-Gluten-Free-Non-GMO-Sea-Salt-Vegan-Popcorn-136-g/6000195388646?classType=REGULAR&from=/search","Angie’s BOOMCHICKAPOP® Ready-To-Eat, Gluten-Free, Non-GMO, Sea Salt Vegan Popcorn, 136 g, A cholesterol free, whole grain, Non GMO, Kosher, gluten free snack","","https://i5.walmartimages.com/asr/c3e60802-4228-42e7-97ba-20e142b12723.bba8381399a0238418ce75f312e35ded.jpeg?odnHeight=580&odnWidth=580&odnBg=FFFFFF","Add","$4.98","current price $4.98","$3.66/100g","Angie's BOOMCHICKAPOP","Angie’s BOOMCHICKAPOP® Ready-To-Eat, Gluten-Free, Non-GMO, Sea Salt Vegan Popcorn, 136 g, A cholesterol free, whole grain, Non GMO, Kosher, gluten free snack","190","4.5105 out of 5 stars. 190 reviews","Free Delivery with","https://i5.walmartimages.com/dfw/3ccc2d91-49dd/k2-_2dc6530f-2ead-40b6-8ec8-fedc1c0c8978.v1.png","Pickup","today","Delivery","today"
"https://www.walmart.ca/en/ip/Orville-Redenbacher-Popcorn-Microwave-Buttery-6-bags-82g/10252591?classType=REGULAR&athbdg=L3033&from=/search","Orville Redenbacher Popcorn - Microwave Buttery (6 bags, 82g), Non-GMO, whole grain microwave popcorn with a high source of fibre and gluten free","2 for $8","https://i5.walmartimages.com/asr/2861ac02-883c-4eb9-8e3c-c55204c06aad.dfaf14856d60414adca8d897bdd2e041.jpeg?odnHeight=580&odnWidth=580&odnBg=FFFFFF","Add","$5.47","current price $5.47","$1.11/100g","Orville Redenbacher's","Orville Redenbacher Popcorn - Microwave Buttery (6 bags, 82g), Non-GMO, whole grain microwave popcorn with a high source of fibre and gluten free","589","4.5705 out of 5 stars. 589 reviews","Free Delivery with","https://i5.walmartimages.com/dfw/3ccc2d91-49dd/k2-_2dc6530f-2ead-40b6-8ec8-fedc1c0c8978.v1.png","Pickup","today","Delivery","today"
"https://www.walmart.ca/en/ip/Angie-s-BOOMCHICKAPOP-Gluten-Free-Non-GMO-Sweet-Salty-Ready-To-Eat-Vegan-Kettle-Corn-Popcorn-198-g/6000195388634?classType=REGULAR&from=/search","Angie’s BOOMCHICKAPOP® Gluten-Free, Non-GMO, Sweet & Salty Ready-To-Eat Vegan Kettle Corn Popcorn, 198 g, A cholesterol free, whole grain, Non GMO, Kosher, gluten free snack","","https://i5.walmartimages.com/asr/de064fc5-f1f8-4279-8677-10442bf5cb8c.12b8798af60666156acc28725312a83a.jpeg?odnHeight=580&odnWidth=580&odnBg=FFFFFF","Add","$4.98","current price $4.98","$2.52/100g","Angie's BOOMCHICKAPOP","Angie’s BOOMCHICKAPOP® Gluten-Free, Non-GMO, Sweet & Salty Ready-To-Eat Vegan Kettle Corn Popcorn, 198 g, A cholesterol free, whole grain, Non GMO, Kosher, gluten free snack","286","4.6678 out of 5 stars. 286 reviews","Free Delivery with","https://i5.walmartimages.com/dfw/3ccc2d91-49dd/k2-_2dc6530f-2ead-40b6-8ec8-fedc1c0c8978.v1.png","Pickup","today","Delivery","today"
"https://www.walmart.ca/en/ip/Orville-Redenbacher-Original-Kernel-Popcorn-850-g/10287816?classType=REGULAR&athbdg=L1600&from=/search","Orville Redenbacher Original Kernel Popcorn, 850 g, Non-GMO, whole grain kernel popcorn with a  high source of fibre and gluten free","Best seller","https://i5.walmartimages.com/asr/0698f856-c2b1-4138-be40-d21cc3984a64.4f584270ac998ee325e88cf446b2946b.jpeg?odnHeight=580&odnWidth=580&odnBg=FFFFFF","Add","$4.97","current price $4.97","58¢/100g","Orville Redenbacher's","Orville Redenbacher Original Kernel Popcorn, 850 g, Non-GMO, whole grain kernel popcorn with a  high source of fibre and gluten free","524","4.4962 out of 5 stars. 524 reviews","Free Delivery with","https://i5.walmartimages.com/dfw/3ccc2d91-49dd/k2-_2dc6530f-2ead-40b6-8ec8-fedc1c0c8978.v1.png","Pickup","today","Delivery","today"
"https://www.walmart.ca/en/ip/Orville-Redenbacher-Popcorn-Microwave-Extra-Buttery-10-Bags-82g/10285325?classType=REGULAR&from=/search","Orville Redenbacher Popcorn - Microwave Extra Buttery - (10 Bags, 82g), Non-GMO, whole grain microwave popcorn with a high source of fibre and gluten free","","https://i5.walmartimages.com/asr/97ca0bfc-5fea-45e4-8b81-697dcf850306.d972fe48a530398bb13652956d1c233a.jpeg?odnHeight=580&odnWidth=580&odnBg=FFFFFF","Add","$8.48","current price $8.48","$1.03/100g","Orville Redenbacher's","Orville Redenbacher Popcorn - Microwave Extra Buttery - (10 Bags, 82g), Non-GMO, whole grain microwave popcorn with a high source of fibre and gluten free","183","4.7322 out of 5 stars. 183 reviews","Free Delivery with","https://i5.walmartimages.com/dfw/3ccc2d91-49dd/k2-_2dc6530f-2ead-40b6-8ec8-fedc1c0c8978.v1.png","Pickup","today","Delivery","today"
"https://www.walmart.ca/en/ip/Orville-Redenbacher-Popcorn-Microwave-Buttery-10-bags-82g/10285423?classType=REGULAR&from=/search","Orville Redenbacher Popcorn - Microwave Buttery (10 bags, 82g), Non-GMO, whole grain microwave popcorn with a high source of fibre and gluten free","","https://i5.walmartimages.com/asr/71b1014a-cc97-43d7-9e4d-ec5f86e6a889.00d2b59fe0dd773cb319f2e5b566c455.jpeg?odnHeight=580&odnWidth=580&odnBg=FFFFFF","Add","$8.48","current price $8.48","86¢/100g","Orville Redenbacher's","Orville Redenbacher Popcorn - Microwave Buttery (10 bags, 82g), Non-GMO, whole grain microwave popcorn with a high source of fibre and gluten free","196","4.3367 out of 5 stars. 196 reviews","Free Delivery with","https://i5.walmartimages.com/dfw/3ccc2d91-49dd/k2-_2dc6530f-2ead-40b6-8ec8-fedc1c0c8978.v1.png","Pickup","today","Delivery","today"
"https://www.walmart.ca/en/ip/Orville-Redenbacher-Popcorn-Microwave-Buttery-3-bags-82g/10285375?classType=REGULAR&from=/search","Orville Redenbacher Popcorn - Microwave Buttery (3 bags, 82g), Non-GMO, whole grain microwave popcorn with a high source of fibre and gluten free","","https://i5.walmartimages.com/asr/2bdd6789-9070-4edb-8bff-0664626d1613.79a63c91e5975f459618d712c30bf735.jpeg?odnHeight=580&odnWidth=580&odnBg=FFFFFF","Add","$4.28","current price $4.28","$1.74/100g","Orville Redenbacher's","Orville Redenbacher Popcorn - Microwave Buttery (3 bags, 82g), Non-GMO, whole grain microwave popcorn with a high source of fibre and gluten free","161","4.2298 out of 5 stars. 161 reviews","Free Delivery with","https://i5.walmartimages.com/dfw/3ccc2d91-49dd/k2-_2dc6530f-2ead-40b6-8ec8-fedc1c0c8978.v1.png","Pickup","today","Delivery","today"
"https://www.walmart.ca/en/ip/Orville-Redenbacher-Extra-Buttery-Microwave-Popcorn-3-Pack-3-x-82-g-246-g/10285100?classType=REGULAR&from=/search","Orville Redenbacher Extra Buttery Microwave Popcorn, 3 Pack (3 x 82 g) 246 g, Non-GMO, whole grain microwave popcorn with a high source of fibre and gluten free","","https://i5.walmartimages.com/asr/f9ce23cb-924f-4334-80d5-13613345eec5.d73b88276f999ec79ee5873aaf61e04e.jpeg?odnHeight=580&odnWidth=580&odnBg=FFFFFF","Add","$4.28","current price $4.28","$1.74/100g","Orville Redenbacher's","Orville Redenbacher Extra Buttery Microwave Popcorn, 3 Pack (3 x 82 g) 246 g, Non-GMO, whole grain microwave popcorn with a high source of fibre and gluten free","90","4.6556 out of 5 stars. 90 reviews","Free Delivery with","https://i5.walmartimages.com/dfw/3ccc2d91-49dd/k2-_2dc6530f-2ead-40b6-8ec8-fedc1c0c8978.v1.png","Pickup","today","Delivery","today"
"https://www.walmart.ca/en/ip/Angie-s-BOOMCHICKAPOP-Gluten-Free-Non-GMO-White-Cheddar-Puffs-170-g/6000204142426?classType=REGULAR&from=/search","Angie’s BOOMCHICKAPOP® Gluten-Free, Non GMO, White Cheddar Puffs, 170 g, A gluten free snack made with real cheddar cheese, Non GMO and puffed in Canada.","","https://i5.walmartimages.com/asr/29e69291-187b-4305-97af-dde0ca99ebce.b620c89220577c156f4f7e4014fb5dd9.jpeg?odnHeight=580&odnWidth=580&odnBg=FFFFFF","Add","$4.98","current price $4.98","$2.93/100g","Angie's BOOMCHICKAPOP","Angie’s BOOMCHICKAPOP® Gluten-Free, Non GMO, White Cheddar Puffs, 170 g, A gluten free snack made with real cheddar cheese, Non GMO and puffed in Canada.","146","4.6918 out of 5 stars. 146 reviews","Free Delivery with","https://i5.walmartimages.com/dfw/3ccc2d91-49dd/k2-_2dc6530f-2ead-40b6-8ec8-fedc1c0c8978.v1.png","Delivery","today","",""
"https://www.walmart.ca/en/ip/Orville-Redenbacher-Light-Buttery-Mircowave-Popcorn-6-Pack-6-x-76-g-456-g/10252627?classType=REGULAR&athbdg=L3033&from=/search","Orville Redenbacher  Light Buttery Mircowave Popcorn, 6 Pack (6 x 76 g) 456 g, Non-GMO, gluten free microwave popcorn with a high source of fibre and 50% less fat*","2 for $8","https://i5.walmartimages.com/asr/af48b12a-2512-4429-aeb5-2bc5a32f60ce.1694f291b519ab8db136f5c34d9ade30.jpeg?odnHeight=580&odnWidth=580&odnBg=FFFFFF","Add","$5.47","current price $5.47","$1.20/100g","Orville Redenbacher's","Orville Redenbacher  Light Buttery Mircowave Popcorn, 6 Pack (6 x 76 g) 456 g, Non-GMO, gluten free microwave popcorn with a high source of fibre and 50% less fat*","83","4.5542 out of 5 stars. 83 reviews","Free Delivery with","https://i5.walmartimages.com/dfw/3ccc2d91-49dd/k2-_2dc6530f-2ead-40b6-8ec8-fedc1c0c8978.v1.png","Pickup","today","Delivery","today"
"https://www.walmart.ca/en/ip/Orville-Redenbacher-Buttery-Microwave-Popcorn-Mini-Bags-8-mini-bags-43g/10285218?classType=REGULAR&athbdg=L3033&from=/search","Orville Redenbacher Buttery Microwave Popcorn Mini Bags (8 mini bags, 43g), Non-GMO, whole grain microwave popcorn with a high source of fibre and gluten free","2 for $8","https://i5.walmartimages.com/asr/df0fb5e9-15a0-4119-81c7-691253ebcfe7.5d2e5c1957456a3de2437913c338f908.jpeg?odnHeight=580&odnWidth=580&odnBg=FFFFFF","Add","$5.47","current price $5.47","$1.61/100g","Orville Redenbacher's","Orville Redenbacher Buttery Microwave Popcorn Mini Bags (8 mini bags, 43g), Non-GMO, whole grain microwave popcorn with a high source of fibre and gluten free","290","4.4931 out of 5 stars. 290 reviews","Free Delivery with","https://i5.walmartimages.com/dfw/3ccc2d91-49dd/k2-_2dc6530f-2ead-40b6-8ec8-fedc1c0c8978.v1.png","Pickup","today","Delivery","today"
"https://www.walmart.ca/en/ip/Orville-Redenbacher-Smart-Pop-Mircowave-Popcorn-8-Mini-Bags-8-x-31-g-248-g/206256?classType=REGULAR&athbdg=L3033&from=/search","Orville Redenbacher Smart Pop! Mircowave Popcorn, 8 Mini Bags (8 x 31 g) 248 g, Non-GMO, gluten free microwave popcorn with a high source of fibre and 80% less fat*","2 for $8","https://i5.walmartimages.com/asr/6cd2f71c-143f-4ba9-8be5-8d410952624f.ec20f1c645c266a9c789921123dd7f96.jpeg?odnHeight=580&odnWidth=580&odnBg=FFFFFF","Add","$5.47","current price $5.47","$2.21/100g","Orville Redenbacher's","Orville Redenbacher Smart Pop! Mircowave Popcorn, 8 Mini Bags (8 x 31 g) 248 g, Non-GMO, gluten free microwave popcorn with a high source of fibre and 80% less fat*","110","4.4182 out of 5 stars. 110 reviews","Free Delivery with","https://i5.walmartimages.com/dfw/3ccc2d91-49dd/k2-_2dc6530f-2ead-40b6-8ec8-fedc1c0c8978.v1.png","Pickup","today","Delivery","today"
"https://www.walmart.ca/en/ip/Orville-Redenbacher-Sweet-Salty-Kettlecorn-Microwave-Popcorn-6-bags-82g/6000195192055?classType=REGULAR&athbdg=L3033&from=/search","Orville Redenbacher Sweet & Salty Kettlecorn Microwave Popcorn (6 bags, 82g), Non-GMO, whole grain microwave popcorn with a high source of fibre and gluten free","2 for $8","https://i5.walmartimages.com/asr/2339e100-af52-46ae-ad71-2f317900fde1.93666060d76049a0c08c4e98709131fe.jpeg?odnHeight=580&odnWidth=580&odnBg=FFFFFF","Add","$5.47","current price $5.47","$1.11/100g","Orville Redenbacher's","Orville Redenbacher Sweet & Salty Kettlecorn Microwave Popcorn (6 bags, 82g), Non-GMO, whole grain microwave popcorn with a high source of fibre and gluten free","166","4.7108 out of 5 stars. 166 reviews","Free Delivery with","https://i5.walmartimages.com/dfw/3ccc2d91-49dd/k2-_2dc6530f-2ead-40b6-8ec8-fedc1c0c8978.v1.png","Pickup","today","Delivery","today"
"https://www.walmart.ca/en/ip/So-Delicious-Cashew-Dairy-Free-Frozen-Dessert-Salted-Caramel-Cluster-Flavour-500ml/6000200952676?classType=REGULAR&from=/search","So Delicious Cashew Dairy-Free Frozen Dessert, Salted Caramel Cluster Flavour, 500ml, 500 mL Dairy-Free Gluten Free Salted Caramel Cluster Flavoured, Cashew Frozen Dessert","","https://i5.walmartimages.com/asr/9cdc8ca3-6e08-4f4f-a3bd-ce6c13542506.759f430aba1d0849dbf383874a9d8abb.jpeg?odnHeight=580&odnWidth=580&odnBg=FFFFFF","Add","$7.27","current price $7.27","","So Delicious","So Delicious Cashew Dairy-Free Frozen Dessert, Salted Caramel Cluster Flavour, 500ml, 500 mL Dairy-Free Gluten Free Salted Caramel Cluster Flavoured, Cashew Frozen Dessert","34","4.6176 out of 5 stars. 34 reviews","Free Delivery with","https://i5.walmartimages.com/dfw/3ccc2d91-49dd/k2-_2dc6530f-2ead-40b6-8ec8-fedc1c0c8978.v1.png","Pickup","today","Delivery","today"
"https://www.walmart.ca/en/ip/CHEESE-POPS-CHEDDAR/4B33IJ8B64EX?classType=REGULAR&from=/search","CHEESE POPS CHEDDAR, Natuarally Gluten Free Brazilian Style Cheese Buns","","https://i5.walmartimages.com/asr/d6ba9064-61bf-4a03-8dca-6a38ea44c15a.4c2b8b223fb40f184aac5fcdac337442.jpeg?odnHeight=580&odnWidth=580&odnBg=FFFFFF","","$7.97","current price $7.97","","MANDIOCA","CHEESE POPS CHEDDAR, Natuarally Gluten Free Brazilian Style Cheese Buns","4","3 out of 5 stars. 4 reviews","","","","","",""
"https://www.walmart.ca/en/ip/Bob-s-Red-Mill-Gluten-Free-Brownie-Mix/10231672?classType=REGULAR&from=/search","Bob's Red Mill Gluten Free Brownie Mix","","https://i5.walmartimages.com/asr/8eb0ce12-545b-411b-8af2-ba99298e1540.358611f037d4644cf0499a5a530d74ea.jpeg?odnHeight=580&odnWidth=580&odnBg=FFFFFF","","$7.17","current price $7.17","$1.21/100g","Bob's Red Mill","Bob's Red Mill Gluten Free Brownie Mix","1","5 out of 5 stars. 1 reviews","","","","","",""
"https://www.walmart.ca/en/ip/P-A-N-Pre-Cooked-White-Gluten-Free-Corn-Meal/6000188762872?classType=REGULAR&athbdg=L1102&from=/search","P.A.N. Pre-Cooked White Gluten Free Corn Meal","100+ bought in past month","https://i5.walmartimages.com/asr/003fc61e-2bcc-4a76-9c12-f663fe4e812b.e0093ea44528ec2d64ad2d2551a235dc.jpeg?odnHeight=580&odnWidth=580&odnBg=FFFFFF","","$3.97","current price $3.97","40¢/100g","Noel","P.A.N. Pre-Cooked White Gluten Free Corn Meal","322","4.7764 out of 5 stars. 322 reviews","","","","","",""
"https://www.walmart.ca/en/ip/Larabar-Gluten-Free-Minis-Peanut-Butter-Chocolate-Chip/6000204477106?classType=REGULAR&from=/search","Larabar Gluten Free Minis Peanut Butter Chocolate Chip","","https://i5.walmartimages.com/asr/dba4caf5-8a9d-43e8-95e2-de477a8d6a5f.d9311fcb82d37c64b0694173b47962b7.jpeg?odnHeight=580&odnWidth=580&odnBg=FFFFFF","","$17.47","current price $17.47","$3.97/100g","LARABAR","Larabar Gluten Free Minis Peanut Butter Chocolate Chip","4","4.5 out of 5 stars. 4 reviews","","","","","",""
"https://www.walmart.ca/en/ip/The-GFB-Gluten-Free-Bites-Coconut-Cashew/6000199212730?classType=REGULAR&from=/search","The GFB: Gluten Free Bites – Coconut Cashew, Pouch. 113g","","https://i5.walmartimages.com/asr/d39c0c63-1438-42bc-854b-ea25bfeb99f5.5d40312c1e8386084e8d4242e150ca21.jpeg?odnHeight=580&odnWidth=580&odnBg=FFFFFF","","$5.97","current price $5.97","$5.28/100g","The GFB","The GFB: Gluten Free Bites – Coconut Cashew, Pouch. 113g","","","","","","","",""
"https://www.walmart.ca/en/ip/Bob-s-Red-Mill-Gluten-Free-Pizza-Crust-Mix/879520?classType=REGULAR&from=/search","Bob's Red Mill Gluten Free Pizza Crust Mix","","https://i5.walmartimages.com/asr/c8a7670f-9a2f-4c03-b9d0-4d34d94e3a58.b8338f2c8c6f2c15eae534f17db38570.jpeg?odnHeight=580&odnWidth=580&odnBg=FFFFFF","","$6.37","current price $6.37","$1.41/100g","Tree of Life","Bob's Red Mill Gluten Free Pizza Crust Mix","","","","","","","",""
"https://www.walmart.ca/en/ip/Glutino-Gluten-Free-Original-Crackers-125-g-1-x-125-g/10233985?classType=REGULAR&from=/search","Glutino Gluten Free Original Crackers - 125 g (1 x 125 g)","","https://i5.walmartimages.com/asr/95f569c0-1276-48e6-a73f-40472eda6e9d.f08b153fff0743906e5518d2db3115b8.jpeg?odnHeight=580&odnWidth=580&odnBg=FFFFFF","","$5.47","current price $5.47","$4.38/100g","Glutino","Glutino Gluten Free Original Crackers - 125 g (1 x 125 g)","7","4.2857 out of 5 stars. 7 reviews","","","","","",""
"https://www.walmart.ca/en/ip/Glutino-Gluten-Free-Cheddar-Crackers-125-g-1-x-125-g/10233785?classType=REGULAR&from=/search","Glutino Gluten Free Cheddar Crackers - 125 g (1 x 125 g)","","https://i5.walmartimages.com/asr/693302d4-0c51-409c-872a-46cbd19a18ec.28bac63081f66fbeecdac13592fdf9c6.jpeg?odnHeight=580&odnWidth=580&odnBg=FFFFFF","","$5.47","current price $5.47","$4.38/100g","Glutino","Glutino Gluten Free Cheddar Crackers - 125 g (1 x 125 g)","12","3.75 out of 5 stars. 12 reviews","","","","","",""
"https://www.walmart.ca/en/ip/Glutino-Gluten-Free-Covered-Pretzels-Yogurt-Flavour-No-Artificial-Colours-Flavours-Egg-Ingredients-Non-GMO-Project-Certified-Kosher-Flavoured-156-g/10233990?classType=REGULAR&from=/search","Glutino Gluten Free Covered Pretzels – Yogurt Flavour - No Artificial Colours or Flavours - No Egg Ingredients - Non-GMO Project Certified and Kosher - Certified Yogurt Flavoured Pretzels - 156 g","","https://i5.walmartimages.com/asr/2bc69a0a-a3c8-4452-9a1c-0e493fa006f8.99312a88a30b651235ed19b71153dd11.jpeg?odnHeight=580&odnWidth=580&odnBg=FFFFFF","","$8.47","current price $8.47","$5.43/100g","Glutino","Glutino Gluten Free Covered Pretzels – Yogurt Flavour - No Artificial Colours or Flavours - No Egg Ingredients - Non-GMO Project Certified and Kosher - Certified Yogurt Flavoured Pretzels - 156 g","10","4.5 out of 5 stars. 10 reviews","","","","","",""
"https://www.walmart.ca/en/ip/Glutino-Gluten-Free-Fudge-Covered-Pretzels-No-Artificial-Colours-Flavours-Egg-Ingredients-Non-GMO-Project-Certified-Kosher-Chocolate-156-g-1-x-g/10233788?classType=REGULAR&from=/search","Glutino Gluten Free Fudge Covered Pretzels - No Artificial Colours or Flavours - No Egg Ingredients - Non-GMO Project Certified and Kosher - Certified Chocolate Covered Pretzels - 156 g (1 x 156 g)","","https://i5.walmartimages.com/asr/7e3b577e-809a-4126-91ba-ba582bc8b086.f7119eb50ce9c9e9b4bc23ad8afe5d20.jpeg?odnHeight=580&odnWidth=580&odnBg=FFFFFF","","$8.47","current price $8.47","$5.43/100g","Glutino","Glutino Gluten Free Fudge Covered Pretzels - No Artificial Colours or Flavours - No Egg Ingredients - Non-GMO Project Certified and Kosher - Certified Chocolate Covered Pretzels - 156 g (1 x 156 g)","19","4.6842 out of 5 stars. 19 reviews","","","","","",""
"https://www.walmart.ca/en/ip/Nature-s-Path-Gluten-Free-Brown-Sugar-Maple-Oatmeal/6000197606292?classType=REGULAR&from=/search","Nature's Path Gluten Free Brown Sugar Maple Oatmeal, 320G (8 Packets)","","https://i5.walmartimages.com/asr/5dc0a576-2f36-49b2-acaf-4fb7a0ba78d0.47ffe31de6140cf6e5c64e6308f402f0.jpeg?odnHeight=580&odnWidth=580&odnBg=FFFFFF","","$5.97","current price $5.97","$1.87/100g","Nature's Path","Nature's Path Gluten Free Brown Sugar Maple Oatmeal, 320G (8 Packets)","16","4.6875 out of 5 stars. 16 reviews","","","","","",""
"https://www.walmart.ca/en/ip/Explore-Cuisine-Black-Bean-Spaghetti/6000199218571?classType=REGULAR&from=/search","Explore Cuisine Black Bean Spaghetti","","https://i5.walmartimages.com/asr/a39d67ce-82fb-4cf4-85a2-b218d1bf8343.062e4c7db1734f7f76743f62cf7a5d0a.jpeg?odnHeight=580&odnWidth=580&odnBg=FFFFFF","","$5.97","current price $5.97","$2.99/100g","Explore Cuisine","Explore Cuisine Black Bean Spaghetti","","","","","","","",""
"https://www.walmart.ca/en/ip/Stoked-Oats-Gluten-Free-Hot-Cereal-Bucking-Eh/6000196734751?classType=REGULAR&from=/search","Stoked Oats Gluten Free Hot Cereal - Bucking Eh","","https://i5.walmartimages.com/asr/92b5a908-e5e8-47db-8aaf-2e14596eb4ab.944b5240eb90f39ab8d308d8b82954ad.jpeg?odnHeight=580&odnWidth=580&odnBg=FFFFFF","","$8.97","current price $8.97","$1.79/100g","Stoked Oats Gluten Free Hot Cereal","Stoked Oats Gluten Free Hot Cereal - Bucking Eh","","","","","","","",""
"https://www.walmart.ca/en/ip/Stoked-Oats-Gluten-Free-Hot-Cereal-Stone-Age/6000196734755?classType=REGULAR&from=/search","Stoked Oats Gluten Free Hot Cereal - Stone Age","","https://i5.walmartimages.com/asr/c264d242-2a19-48a8-b40a-aac499930850.f117404b66c9cd5c306109662347156e.jpeg?odnHeight=580&odnWidth=580&odnBg=FFFFFF","","$8.97","current price $8.97","$1.79/100g","Stoked Oats Gluten Free Hot Cereal","Stoked Oats Gluten Free Hot Cereal - Stone Age","","","","","","","",""
"https://www.walmart.ca/en/ip/Nature-s-Path-Gluten-Free-Variety-Pack-Oatmeal/6000197638399?classType=REGULAR&from=/search","Nature's Path Gluten Free Variety Pack Oatmeal","","https://i5.walmartimages.com/asr/946c17f9-7f6b-410d-99cf-197f61481a2a.5986eb965801298fe2b114a06ab9697e.jpeg?odnHeight=580&odnWidth=580&odnBg=FFFFFF","","$4.50","current price $4.50","$1.41/100g","Nature's Path","Nature's Path Gluten Free Variety Pack Oatmeal","8","4.5 out of 5 stars. 8 reviews","","","","","",""
"https://www.walmart.ca/en/ip/Chex-Gluten-Free-Cinnamon-Cereal-Family-Size/1H94FXHH9XEL?classType=REGULAR&from=/search","Chex Gluten Free Cinnamon Cereal Family Size","","https://i5.walmartimages.com/asr/1ae13296-9279-4343-a841-7a15456b67f5.53db575b3a50d5f290a451e5b5d83c15.jpeg?odnHeight=580&odnWidth=580&odnBg=FFFFFF","","$4.87","current price $4.87","90¢/100g","Chex","Chex Gluten Free Cinnamon Cereal Family Size","2","4.5 out of 5 stars. 2 reviews","","","","","",""
"https://www.walmart.ca/en/ip/kinnikinnick-gluten-free-panko-style-bread-crumbs/6000192484108?classType=REGULAR&from=/search","Kinnikinnick Gluten Free Panko Style Bread Crumbs","","https://i5.walmartimages.ca/images/Enlarge/039/354/6000200039354.jpg?odnHeight=580&odnWidth=580&odnBg=FFFFFF","","$53.90","current price $53.90","","Kinnikinnick Foods","Kinnikinnick Gluten Free Panko Style Bread Crumbs","3","5 out of 5 stars. 3 reviews","","","","","",""
"https://www.walmart.ca/en/ip/Manischewitz-Matzo-Square-Gluten-Free/6000202053339?classType=REGULAR&from=/search","Manischewitz Matzo Square Gluten Free","","https://i5.walmartimages.com/asr/e9c9560c-6736-48c9-a286-e91a2f484b76.3890e8a1d8eaeaf560be76fcb485a889.jpeg?odnHeight=580&odnWidth=580&odnBg=FFFFFF","","$7.77","current price $7.77","3¢/100ml","Manischewitz","Manischewitz Matzo Square Gluten Free","11","3.3636 out of 5 stars. 11 reviews","","","","","",""
"https://www.walmart.ca/en/ip/Glutino-Gluten-Free-Chocolate-Vanilla-Creme-Cookies-Kosher-Certified-Certified-Gluten-Free-Chocolate-Vanilla-Sandwich-Cookies-300-g-1-x-300-g/6000202186248?classType=REGULAR&from=/search","Glutino Gluten Free Chocolate Vanilla Creme Cookies - Kosher Certified - Certified Gluten Free Chocolate Vanilla Sandwich Cookies- 300 g (1 x 300 g)","","https://i5.walmartimages.com/asr/025f3c29-0d05-4a9d-a42c-44895be5de00.04648cbd29959f01928f50ec5d3ea336.jpeg?odnHeight=580&odnWidth=580&odnBg=FFFFFF","","$4.97","current price $4.97","$1.66/100g","Glutino","Glutino Gluten Free Chocolate Vanilla Creme Cookies - Kosher Certified - Certified Gluten Free Chocolate Vanilla Sandwich Cookies- 300 g (1 x 300 g)","8","4.625 out of 5 stars. 8 reviews","","","","","",""
"https://www.walmart.ca/en/ip/Glutino-Gluten-Free-Vanilla-Creme-Cookies-Kosher-Certified-Gluten-Free-Vanilla-Creme-Cookies-300-g-1-x-300-g/6000202186204?classType=REGULAR&from=/search","Glutino Gluten Free Vanilla Creme Cookies - Kosher Certified - Gluten Free Vanilla Creme Cookies- 300 g (1 x 300 g)","","https://i5.walmartimages.com/asr/2fabdd74-7b1b-4894-ad1d-08ab55bddf24.bca35acd70346376ec2f583ef503bb3b.jpeg?odnHeight=580&odnWidth=580&odnBg=FFFFFF","","$7.27","current price $7.27","$2.42/100g","Glutino","Glutino Gluten Free Vanilla Creme Cookies - Kosher Certified - Gluten Free Vanilla Creme Cookies- 300 g (1 x 300 g)","","","","","","","",""
"https://www.walmart.ca/en/ip/Glutino-Gluten-Free-Multigrain-Crackers-125-g-1-x-125-g/6000202187021?classType=REGULAR&from=/search","Glutino Gluten Free Multigrain Crackers - 125 g (1 x 125 g)","","https://i5.walmartimages.com/asr/acaa159c-7eea-432a-a895-0e661ef465d3.3dd35ab5a1e8e85ee98c5f0084593a10.jpeg?odnHeight=580&odnWidth=580&odnBg=FFFFFF","","$5.37","current price $5.37","$4.30/100g","Glutino","Glutino Gluten Free Multigrain Crackers - 125 g (1 x 125 g)","2","4 out of 5 stars. 2 reviews","","","","","",""
"https://www.walmart.ca/en/ip/genuine-health-fermented-greek-yogurt-proteins-15g-protein-bars-7g-of-fibre-gluten-free-non-gmo-peanut-butter-chocolate/6000198761008?classType=REGULAR&from=/search","Genuine Health Fermented Greek Yogurt Proteins+, 15g Protein Bars, 7g of Fibre, Gluten Free, Non GMO, Peanut Butter Chocolate","","https://i5.walmartimages.ca/images/Enlarge/018/943/6000200018943.jpg?odnHeight=580&odnWidth=580&odnBg=FFFFFF","","$3.47","current price $3.47","$6.31/100g","Genuine Health","Genuine Health Fermented Greek Yogurt Proteins+, 15g Protein Bars, 7g of Fibre, Gluten Free, Non GMO, Peanut Butter Chocolate","","","","","","","",""
"https://www.walmart.ca/en/ip/CRACKERS-ONION/6000188760858?classType=REGULAR&from=/search","CRACKERS ONION, E-ABSOLUTELY CRACKERS ONION","","https://i5.walmartimages.com/asr/9204f8aa-fbc8-4b08-b8df-803bbc758e7d_1.3ae76e00e6c1b6ea1b11e42313d36e28.jpeg?odnHeight=580&odnWidth=580&odnBg=FFFFFF","","$7.47","current price $7.47","$5.98/100g","ABSOLUTELY GLUTEN FREE","CRACKERS ONION, E-ABSOLUTELY CRACKERS ONION","","","","","","","",""
"https://www.walmart.ca/en/ip/promax-original-protein-bars-double-fudge-brownie/6000198539547?classType=REGULAR&from=/search","Promax® Original Protein Bars – Double Fudge Brownie","","https://i5.walmartimages.ca/images/Enlarge/578/505/6000198578505.jpg?odnHeight=580&odnWidth=580&odnBg=FFFFFF","","$35.97","current price $35.97","","Promax","Promax® Original Protein Bars – Double Fudge Brownie","3","4.6667 out of 5 stars. 3 reviews","","","","","",""
"https://www.walmart.ca/en/ip/promax-original-protein-bars-nutty-butter-crisp/6000198543610?classType=REGULAR&from=/search","Promax® Original Protein Bars – Nutty Butter Crisp","","https://i5.walmartimages.ca/images/Enlarge/578/520/6000198578520.jpg?odnHeight=580&odnWidth=580&odnBg=FFFFFF","","$35.97","current price $35.97","","Promax","Promax® Original Protein Bars – Nutty Butter Crisp","5","4.8 out of 5 stars. 5 reviews","","","","","",""
"https://www.walmart.ca/en/ip/promax-original-protein-bars-chocolate-chip-cookie-dough/6000198537437?classType=REGULAR&from=/search","Promax® Original Protein Bars - Chocolate Chip Cookie Dough","","https://i5.walmartimages.ca/images/Enlarge/578/479/6000198578479.jpg?odnHeight=580&odnWidth=580&odnBg=FFFFFF","","$35.97","current price $35.97","","Promax","Promax® Original Protein Bars - Chocolate Chip Cookie Dough","7","4.8571 out of 5 stars. 7 reviews","","","","","",""
"https://www.walmart.ca/en/ip/promax-original-protein-bars-cookies-n-cream/6000198543780?classType=REGULAR&from=/search","Promax® Original Protein Bars – Cookies ‘n Cream","","https://i5.walmartimages.ca/images/Enlarge/578/556/6000198578556.jpg?odnHeight=580&odnWidth=580&odnBg=FFFFFF","","$35.97","current price $35.97","","Promax","Promax® Original Protein Bars – Cookies ‘n Cream","4","4.75 out of 5 stars. 4 reviews","","","","","",""
"https://www.walmart.ca/en/ip/nugo-dark-protein-bars-mint-chocolate-chip/6000198541396?classType=REGULAR&from=/search","Nugo Dark Protein Bars – Mint Chocolate Chip","","https://i5.walmartimages.ca/images/Enlarge/578/471/6000198578471.jpg?odnHeight=580&odnWidth=580&odnBg=FFFFFF","","$29.97","current price $29.97","","NuGo","Nugo Dark Protein Bars – Mint Chocolate Chip","16","4.125 out of 5 stars. 16 reviews","","","","","",""
"https://www.walmart.ca/en/ip/nugo-dark-protein-bars-chocolate-chip/6000198537386?classType=REGULAR&from=/search","Nugo Dark Protein Bars - Chocolate Chip","","https://i5.walmartimages.ca/images/Enlarge/578/461/6000198578461.jpg?odnHeight=580&odnWidth=580&odnBg=FFFFFF","","$29.97","current price $29.97","","NuGo","Nugo Dark Protein Bars - Chocolate Chip","10","3 out of 5 stars. 10 reviews","","","","","",""
"https://www.walmart.ca/en/ip/nugo-baked-protein-cookie-double-chocolate/6000198537237?classType=REGULAR&from=/search","Nugo Baked Protein Cookie - Double Chocolate","","https://i5.walmartimages.ca/images/Enlarge/578/376/6000198578376.jpg?odnHeight=580&odnWidth=580&odnBg=FFFFFF","","$47.97","current price $47.97","","NuGo","Nugo Baked Protein Cookie - Double Chocolate","3","3.3333 out of 5 stars. 3 reviews","","","","","",""
"https://www.walmart.ca/en/ip/promax-original-protein-bars-chocolate-peanut-crunch/6000198539853?classType=REGULAR&from=/search","Promax® Original Protein Bars - Chocolate Peanut Crunch","","https://i5.walmartimages.ca/images/Enlarge/578/510/6000198578510.jpg?odnHeight=580&odnWidth=580&odnBg=FFFFFF","","$35.97","current price $35.97","","Promax","Promax® Original Protein Bars - Chocolate Peanut Crunch","","","","","","","",""